@article {parag2017anisotropic,
    title={Anisotropic EM Segmentation by 3D Affinity Learning and Agglomeration},
    author={Toufiq Parag and Fabian Tschopp and William Grisaitis and Srinivas C. Turaga and Xuewen Zhang and Brian Matejek and Lee Kamentsky and Jeff W. Lichtman and Hanspeter Pfister},
    journal={arXiv},
    volume={abs/1707.08935},
    year={2017},
    url={http://arxiv.org/abs/1707.08935},
    archiveprefix={arXiv},
    eprint={1707.08935},
    timestamp={Sat, 05 Aug 2017 14:56:22 +0200},
    biburl={http://dblp.org/rec/bib/journals/corr/ParagTGTZMKLP17},
    bibsource={dblp computer science bibliography, http://dblp.org}
}

@misc{rhoananet,
Author = {Seymour Knowles-Barley and Verena Kaynig and Thouis Ray Jones and Alyssa Wilson and Joshua Morgan and Dongil Lee and Daniel Berger and Narayanan Kasthuri and Jeff W. Lichtman and Hanspeter Pfister},
Title = {RhoanaNet Pipeline: Dense Automatic Neural Annotation},
ee = {http://arxiv.org/abs/1611.06973},
note         = "(available on arXiv:1611.06973 [cs.CV])",
journal   = {CoRR},
volume    = {abs/1611.06973},
year      = {2016}
}


@inproceedings{daniel2018guided,
  Author = {Haehn, Daniel and Kaynig, Verena and Tompkin, James and Lichtman, Jeff W. and Pfister, Hanspeter},
  Booktitle = {The IEEE Conference on Computer Vision and Pattern Recognition (CVPR)},
  Month = {June},
  Title = {Guided Proofreading of Automatic Segmentations for Connectomics},
  Year = {2018}
  }

@article{d3,
  title = {D3: Data-Driven Documents},
  author = {Michael Bostock AND Vadim Ogievetsky AND Jeffrey Heer},
  journal = {IEEE Trans. Visualization \& Comp. Graphics (Proc. InfoVis)},
  year = {2011},
  url = {http://vis.stanford.edu/papers/d3}
}