%% This BibTeX bibliography file was created using BibDesk.
%% http://bibdesk.sourceforge.net/


%% Created for Hanspeter Pfister at 2014-06-04 12:00:27 -0400 


%% Saved with string encoding Unicode (UTF-8) 


@comment{jabref-meta: selector_review:}
@comment{jabref-meta: selector_publisher:}
@comment{jabref-meta: selector_journal:}
@comment{jabref-meta: selector_keywords:}


@string{cviu = {CVIU}}

@string{cvpr = {CVPR}}

@string{eccv = {ECCV}}

@string{iccv = {ICCV}}

@string{ijcv = {IJCV}}

@string{pami = {PAMI}}

@string{siggraph = {SIGGRAPH}}


@conference{Burns2013Open,
  author = {Burns, R. and Roncal, W. and Kleissas, D. and Lillaney, D. and Manavalan, P. and Perlman, E. and Berger, D. and Bock, D. and Chung, K. and Grosenick, L. and Kasthuri, N. and Weiler, N. and Deisseroth, K. and Kazhdan, M. and Lichtman, J. and Reid, R. and Smith, S. and Szalay, A. and Vogelstein, J. and Vogelstein, R.},
  Booktitle = {Proceedings of the 25th International Conference on Scientific and Statistical Database Management},
  Date-Added = {2014-06-04 15:58:19 +0000},
  Date-Modified = {2014-06-04 16:00:27 +0000},
  Title = {The Open Connectome Project Data Cluster: Scalable Analysis and Vision for High-Throughput Neuroscience},
  Year = {2013}}

@article {meirovitch2016a,
    title={A Multi-Pass Approach to Large-Scale Connectomics},
  author = {Meirovitch, Y. and Matveev, A. and Saribekyan, H. and Budden, D. and Rolnick, D. and dor, G.O. and Knowles-Barley, S. and Jones, T.R. and Pfister, H. and Lichtman, J.W. and Shavit, N.},
    journal={CoRR},
    volume={abs/1612.02120},
    year={2016},
    url={http://arxiv.org/abs/1612.02120},
    timestamp={Mon, 02 Jan 2017 11:09:15 +0100},
    biburl={http://dblp.uni-trier.de/rec/bib/journals/corr/MeirovitchMSBRO16},
    bibsource={dblp computer science bibliography, http://dblp.org}
}

@conference {suissa-peleg2016automatic,
    title={Automatic Neural Reconstruction from Petavoxel of Electron Microscopy Data},
  author = {Suissa-Peleg, A. and Haehn, D. and Knowles-Barley, S. and Kaynig, V. and Jones, T.R. and Wilson, A. and Schalek, R. and Lichtman, J.W. and Pfister, H.},
    booktitle={Microscopy and Microanalysis},
    volume={22},
    year={2016},
    month={28 July},
    pages={536--537},
    edition={S3},
    url={https://www.cambridge.org/core/journals/microscopy-and-microanalysis/article/automatic-neural-reconstruction-from-petavoxel-of-electron-microscopy-data/44219CFD1C9F1DE998BF8746F9F4C703},
    journal={Microscopy and Microanalysis},
    publisher={Cambridge Univ Press}
}

@article{Meila2007Comparing,
  Date-Added = {2014-06-03 14:00:40 +0000},
  Date-Modified = {2014-06-03 14:01:21 +0000},
  Journal = {Journal of Multivariate Analysis},
  Number = {5},
  Pages = {873--895},
  Title = {Comparing clusterings---an information based distance},
  Volume = {98},
  Year = {2007}}

@article{Rand1971Objective,
  Date-Added = {2014-06-03 13:59:07 +0000},
  Date-Modified = {2014-06-03 13:59:57 +0000},
  Journal = {Journal of the American Statistical Association},
  Number = {336},
  Pages = {846--850},
  Title = {Objective criteria for the evaluation of clustering methods},
  Volume = {66},
  Year = {1971}}

@misc{RhoanaURL,
  Howpublished = {\url{http://www.rhoana.org/}},
  Key = {Rhoana},
  Title = {Rhoana - Dense Automatic Neural Annotation},
  Note = {Accessed: 2018-04-10},
  Year = {2013},
  }

@misc{mbshURL,
  Howpublished = {\url{http://www.mbsh.website}},
  Key = {MBSH},
  Note = {Accessed: 2018-04-10},
  Title = {Minority Biomedical Scientists of Harvard},
  Year = {2018},
  }
  
@misc{CaleydoURL,
  Howpublished = {\url{http://www.caleydo.org}},
  Key = {Caleydo},
  Note = {Accessed: 2018-04-10},
  Title = {Caleydo},
  Year = {2016},
  }

@misc{ButterflyURL,
  Howpublished = {\url{http://www.caleydo.org/butterfly}},
  Key = {Butterfly},
  Note = {Accessed: 2018-04-10},
  Title = {Butterfly Image Server},
  Year = {2017},
  }

@misc{NSF:BRAIN,
  Date-Added = {2014-06-02 14:56:54 +0000},
  Date-Modified = {2014-06-02 14:58:15 +0000},
  Howpublished = {http://www.nsf.gov/news/},
  Month = {April},
  Title = {National Science Foundation Participates in White House Brain Research through Advancing Innovative Neurotechnologies ({BRAIN}) Initiative},
  Year = {2013}}

@article{Breiman2001Random,
  Date-Added = {2014-06-01 21:27:23 +0000},
  Date-Modified = {2014-06-01 21:28:07 +0000},
  Journal = {Machine Learning},
  Number = {1},
  Pages = {5--32},
  Title = {Random forests},
  Volume = {45},
  Year = {2001}}

@Article{namic,
  author = {Kapur, T. and Pieper, S. and Fedorov, A. and Fillion-Robin, J. and Halle, M. and O'Donnell, L. and Lasso, A. and Ungi, T. and Pinter, C. and Finet, J. and Pujol, S. and Jayender, J. and Tokuda, J. and Norton, I. and Estepar, R.S.J. and Gering, D. and Aerts, H. and Jakab, M. and Hata, N. and Ibanez, L. and Blezek, D. and Miller, J. and Aylward, S. and Grimson, W.E.L. and Fichtinger, G. and III, W.M.W. and Lorensen, W.E. and Schroeder, W. and Kikinis, R.},
  Title   = "Increasing the Impact of Medical Image Computing using Community-based Open-access Hackathons: The NA-MIC and 3D Slicer Experience",
  Year    = 2016,
  Month = 10,
  Journal = "Med Image Anal",
  Volume  = "33",
  Pages = "176-80--",
  Publisher = "Elsevier Science",
  Institution = "Brigham and Women's Hospital, Harvard Medical School. Electronic address: tkapur@bwh.harvard.edu.",
  PubMedID  = "27498015",
  PMCID = "PMC5003088",
  Keywords  = "3D Slicer, Hackathon, Medical image computing, NA-MIC, Open access, Open science, Reproducible research, Open source, Project week",
}


@inproceedings{Eppstein2005Skip,
  author = {Eppstein, D. and Goodrich, M. and Sun, J.},
  Booktitle = {Proceedings of the Twenty-first Annual Symposium on Computational Geometry},
  Date-Added = {2014-06-01 21:20:49 +0000},
  Date-Modified = {2014-06-01 21:21:29 +0000},
  Pages = {296--305},
  Title = {The Skip Quadtree: A Simple Dynamic Data Structure for Multidimensional Data},
  Year = {2005},
  Bdsk-Url-1 = {http://doi.acm.org/10.1145/1064092.1064138},
  Bdsk-Url-2 = {http://dx.doi.org/10.1145/1064092.1064138}}

@article{Dean2008MapReduce,
  author = {Dean, J. and Ghemawat, S.},
  Date-Added = {2014-06-01 21:16:26 +0000},
  Date-Modified = {2014-06-01 21:17:06 +0000},
  Journal = {Communications of the ACM},
  Month = jan,
  Number = {1},
  Pages = {107--113},
  Title = {MapReduce: Simplified Data Processing on Large Clusters},
  Volume = {51},
  Year = {2008},
  Bdsk-Url-1 = {http://doi.acm.org/10.1145/1327452.1327492},
  Bdsk-Url-2 = {http://dx.doi.org/10.1145/1327452.1327492}}

@conference{Hinton1994Autoencoders,
  author = {Hinton, G. and Zemel, R.},
  Booktitle = {Advances in Neural Information Processing Systems},
  Date-Added = {2014-05-31 20:56:39 +0000},
  Date-Modified = {2014-05-31 20:57:35 +0000},
  Pages = {3--10},
  Title = {Autoencoders, minimum description length, and Helmholtz free energy},
  Volume = {6},
  Year = {1994}}

@misc{Arganda2013Challenge,
  author = {Arganda-Carreras, I. and Seung, S. and Vishwanathan, A. and Berger, D.},
  Date-Added = {2014-05-31 20:52:04 +0000},
  Date-Modified = {2014-05-31 20:53:45 +0000},
  Howpublished = {ISBI 2013 conference},
  Title = {{3D Segmentation of Neurites in EM Images Challenge}},
  Year = {2013}}

@misc{Arganda2012Challenge,
  author = {Arganda-Carreras, I. and Seung, S. and Cardona, A. and Schindelin, J.},
  Date-Added = {2014-05-31 20:48:18 +0000},
  Date-Modified = {2014-05-31 20:51:15 +0000},
  Howpublished = {ISBI 2012 conference},
  Title = {{2D EM Segmentation Challenge}},
  Year = {2012}}

@inproceedings{Vitaladevuni2010Clustering,
  author = {Vitaladevuni, S. and Basri, R.},
  Booktitle = {IEEE Conference on Computer Vision and Pattern Recognition (CVPR)},
  Date-Added = {2014-05-31 20:44:47 +0000},
  Date-Modified = {2014-05-31 20:44:47 +0000},
  Doi = {10.1109/CVPR.2010.5539901},
  Pages = {2203-2210},
  Title = {Co-clustering of image segments using convex optimization applied to EM neuronal reconstruction},
  Year = {2010},
  Bdsk-Url-1 = {http://dx.doi.org/10.1109/CVPR.2010.5539901}}

@article{Roerdink2000Watershed,
  author = {Roerdink, J. and Meijster, A.},
  Date-Added = {2014-05-31 20:41:36 +0000},
  Date-Modified = {2014-05-31 20:42:41 +0000},
  Journal = {Fundamenta Informaticae},
  Pages = {187--228},
  Title = {The watershed transform: definitions, algorithms, and parallelization strategies},
  Volume = {41},
  Year = {2000}}

@article{Mishchenko2009Automation,
  Date-Added = {2014-05-31 20:38:06 +0000},
  Date-Modified = {2014-05-31 20:38:22 +0000},
  Journal = {Journal of Neuroscience Methods},
  Pages = {276--289},
  Title = {Automation of 3D reconstruction of neural tissue from large volume of conventional serial section transmission electron micrographs},
  Volume = {176},
  Year = {2009}}

@article{Chklovskii2010Semi,
  author = {Chklovskii, D. and Vitaladevuni, S. and Scheffer, L.},
  Date-Added = {2014-05-31 20:33:56 +0000},
  Date-Modified = {2014-05-31 20:34:09 +0000},
  Doi = {10.1016/j.conb.2010.08.002},
  Journal = {Current opinion in neurobiology},
  Month = {Oct},
  Number = {5},
  Pages = {667-75},
  Publisher = {Elsevier Ltd},
  Title = {Semi-automated reconstruction of neural circuits using electron microscopy},
  Volume = {20},
  Year = {2010},
  Bdsk-Url-1 = {http://dx.doi.org/10.1016/j.conb.2010.08.002}}

@article{Jurrus2008Optimal,
  author = {Jurrus, E. and Whitaker, R. and Jones, B. and Marc, R. and Tasdizen, T.},
  Date-Added = {2014-05-31 20:32:51 +0000},
  Date-Modified = {2014-05-31 20:33:02 +0000},
  Doi = {10.1109/ISBI.2008.4541320},
  Journal = {Proceedings / IEEE International Symposium on Biomedical Imaging: from nano to macro. IEEE International Symposium on Biomedical Imaging},
  Month = {May},
  Number = {4541320},
  Pages = {1609-1612},
  Title = {An optimal-path approach for neural circuit reconstruction.},
  Volume = {2008},
  Year = {2008},
  Bdsk-Url-1 = {http://dx.doi.org/10.1109/ISBI.2008.4541320}}

@inproceedings{Funke2012Efficient,
  author = {Funke, J. and Andres, B. and Hamprecht, F.},
  Booktitle = {Computer Vision and Pattern Recognition (CVPR), 2012 IEEE Conference on},
  Date-Added = {2014-05-31 20:29:15 +0000},
  Date-Modified = {2014-05-31 20:29:23 +0000},
  Pages = {1004--1011},
  Title = {{Efficient automatic 3D-reconstruction of branching neurons from EM data}},
  Year = {2012}}

@article{Kaynig2010Geometrical,
  author = {Kaynig, V. and Fuchs, T. and Buhmann, J.},
  Date-Added = {2014-05-31 20:26:41 +0000},
  Date-Modified = {2014-05-31 20:27:01 +0000},
  Journal = {Medical Image Computing and Computer-Assisted Intervention},
  Number = {2},
  Pages = {209-216},
  Title = {Geometrical consistent 3D tracing of neuronal processes in ssTEM data},
  Volume = {13},
  Year = {2010}}

@article{Kaynig2010Neuron,
  author = {Kaynig, V. and Fuchs, T. and Buhmann, J.},
  Date-Added = {2014-05-31 20:21:58 +0000},
  Date-Modified = {2014-05-31 20:22:18 +0000},
  Journal = {IEEE Conference on Computer Vision and Pattern Recognition (CVPR)},
  Pages = {2902-2909},
  Title = {Neuron Geometry Extraction by Perceptual Grouping in ssTEM Images},
  Volume = {0},
  Year = {2010},
  Bdsk-Url-1 = {http://dx.doi.org/10.1109/CVPR.2010.5540029}}

@article{Jurrus2010Detection,
  author = {Jurrus, E. and Paiva, A. and Watanabe, S. and Anderson, J. and Jones, W. and Whitaker, R. and Jorgensen, E. and Marc, R.},
  Date-Added = {2014-05-31 20:20:24 +0000},
  Date-Modified = {2014-05-31 20:20:40 +0000},
  Journal = {Medical Image Analysis},
  Number = {6},
  Pages = {770-783},
  Title = {Detection of Neuron Membranes in Electron Microscopy Images Using a Serial Neural Network Architecture},
  Volume = {14},
  Year = {2010},
  Bdsk-Url-1 = {http://dx.doi.org/10.1016/j.media.2010.06.002.Detection}}

@article{Knowles-Barley2011Biologically,
  author = {Knowles-Barley, S. and Butcher, N. and Meinertzhagen, I. and Armstrong, J.},
  Date-Added = {2014-05-31 20:18:47 +0000},
  Date-Modified = {2014-05-31 20:19:02 +0000},
  Journal = {Bioinformatics},
  Number = {16},
  Pages = {2216-2223},
  Title = {Biologically inspired EM image alignment and neural reconstruction},
  Volume = {27},
  Year = {2011},
  Bdsk-Url-1 = {http://dx.doi.org/10.1093/bioinformatics/btr378}}

@article{Knott2008Serial,
  author = {Knott, G. and Marchman, H. and Wall, D. and Lich, B.},
  Date-Added = {2014-05-31 20:15:37 +0000},
  Date-Modified = {2014-05-31 20:15:44 +0000},
  Journal = {Journal of Neuroscience},
  Number = {12},
  Pages = {2959-2964},
  Title = {Serial section scanning electron microscopy of adult brain tissue using focused ion beam milling.},
  Volume = {28},
  Year = {2008}}

@article{Denk2004Serial,
  author = {Denk, W. and Horstmann, H.},
  Date-Added = {2014-05-31 20:09:16 +0000},
  Date-Modified = {2014-05-31 20:09:30 +0000},
  Journal = {PLoS Biology},
  Number = {11},
  Pages = {e329},
  Title = {Serial Block-Face Scanning Electron Microscopy to Reconstruct Three-Dimensional Tissue Nanostructure},
  Volume = {2},
  Year = {2004}}

@article{Hu2013Electron,
  author = {Hu, T. and Nunez-Iglesias, J. and Vitaladevuni, S. and Scheffer, L. and Xu, S. and Bolorizadeh, M. and Hess, H. and Fetter, R. and Chklovskii, D.},
  Date-Added = {2014-05-31 20:07:15 +0000},
  Date-Modified = {2014-05-31 20:07:36 +0000},
  Journal = {IEEE Transactions on Medical Imaging},
  Number = {12},
  Pages = {2179-2188},
  Title = {Electron Microscopy Reconstruction of Brain Structure Using Sparse Representations Over Learned Dictionaries},
  Volume = {32},
  Year = {2013}}

@article{Bock2011Network,
  author = {Bock, D. and Lee, W. and Kerlin, A. and Andermann, M. and Hood, G. and Wetzel, A. and Yurgenson, S. and Soucy, E. and Kim, H. and Reid, R.},
  Date-Added = {2014-05-31 20:03:49 +0000},
  Date-Modified = {2014-05-31 20:04:00 +0000},
  Doi = {10.1038/nature09802},
  Journal = {Nature},
  Month = {Mar},
  Number = {7337},
  Pages = {177-182},
  Title = {Network anatomy and in vivo physiology of visual cortical neurons.},
  Volume = {471},
  Year = {2011},
  Bdsk-Url-1 = {http://dx.doi.org/10.1038/nature09802}}

@article{Giuly2012Automatic,
  author = {Giuly, R. and Martone, M. and Ellisman, M.},
  Date-Added = {2014-05-31 19:57:18 +0000},
  Date-Modified = {2014-05-31 19:57:59 +0000},
  Journal = {BMC Bioinformatics},
  Number = {1},
  Pages = {29},
  Title = {Automatic segmentation of mitochondria utilizing patch classification, contour pair classification, and automatically seeded level sets},
  Volume = {13},
  Year = {2012},
  Bdsk-Url-1 = {http://dx.doi.org/10.1186/1471-2105-13-29}}

@inproceedings{Becker2012Learning,
  author = {Becker, C. and Ali, K. and Knott, G. and Fua, P.},
  Booktitle = {International {C}onference on {M}edical {I}mage {C}omputing and {C}omputer {A}ssisted {I}ntervention},
  Date-Added = {2014-05-30 18:09:23 +0000},
  Date-Modified = {2014-05-30 18:09:40 +0000},
  Title = {Learning {C}ontext {C}ues for {S}ynapse {S}egmentation in {EM} {V}olumes},
  Year = 2012}

@article{Achanta2012SLIC,
  author = {Achanta, R. and Shaji, A. and Smith, K. and Lucchi, A. and Fua, P. and Susstrunk, S.},
  Date-Added = {2014-05-30 18:07:49 +0000},
  Date-Modified = {2014-05-30 18:08:11 +0000},
  Journal = {IEEE Transactions on Pattern Analysis and Machine Intelligence},
  Number = {11},
  Pages = {2274--2282},
  Title = {SLIC superpixels compared to state-of-the-art superpixel methods},
  Volume = {34},
  Year = {2012}}

@inproceedings{Liu2012Watershed,
  author = {Liu, T. and Jurrus, E. and Seyedhosseini, M. and Ellisman, M. and Tasdizen, T.},
  Booktitle = {IEEE International Conference on Pattern Recognition (ICPR)},
  Date-Added = {2014-05-30 18:06:41 +0000},
  Date-Modified = {2014-05-30 18:07:17 +0000},
  Pages = {133--137},
  Title = {Watershed merge tree classification for electron microscopy image segmentation},
  Year = {2012}}

@article{Nunez2014Graph,
  author = {Nunez-Iglesias, J. and Kennedy, R. and Plaza, S. and Chakraborty, A. and Katz, W.},
  Date-Added = {2014-05-30 18:05:57 +0000},
  Date-Modified = {2014-05-30 18:06:09 +0000},
  Journal = {Frontiers in Neuroinformatics},
  Number = {34},
  Title = {Graph-based Active Learning of Agglomeration (GALA): a Python library to segment 2D and 3D neuroimages},
  Volume = {8},
  Year = {2014}}

@misc{Hinton2012Improving,
  Archiveprefix = {arXiv},
  author = {Hinton, G. and Srivastava, N. and Krizhevsky, A. and Sutskever, I. and Salakhutdinov, R.},
  Citeulike-Linkout-0 = {http://arxiv.org/abs/1207.0580},
  Citeulike-Linkout-1 = {http://arxiv.org/pdf/1207.0580},
  Date-Added = {2014-05-30 18:03:52 +0000},
  Date-Modified = {2014-05-30 18:04:23 +0000},
  Month = jul,
  Title = {{Improving neural networks by preventing co-adaptation of feature detectors}},
  Url = {http://arxiv.org/abs/1207.0580},
  Year = {2012},
  Bdsk-Url-1 = {http://arxiv.org/abs/1207.0580}}

@misc{Goodfellow2013Maxout,
  Abstract = {{We consider the problem of designing models to leverage a recently introduced
approximate model averaging technique called dropout. We define a simple new
model called maxout (so named because its output is the max of a set of inputs,
and because it is a natural companion to dropout) designed to both facilitate
optimization by dropout and improve the accuracy of dropout's fast approximate
model averaging technique. We empirically verify that the model successfully
accomplishes both of these tasks. We use maxout and dropout to demonstrate
state of the art classification performance on four benchmark datasets: MNIST,
CIFAR-10, CIFAR-100, and SVHN.}},
  Archiveprefix = {arXiv},
  author = {Goodfellow, I. and Warde-Farley, D. and Mirza, M. and Courville, A. and Bengio, Y.},
  Citeulike-Article-Id = {12258731},
  Citeulike-Linkout-0 = {http://arxiv.org/abs/1302.4389},
  Date-Added = {2014-05-30 18:02:47 +0000},
  Date-Modified = {2014-05-30 18:03:14 +0000},
  Month = sep,
  Title = {{Maxout Networks}},
  Url = {http://arxiv.org/abs/1302.4389},
  Year = {2013},
  Bdsk-Url-1 = {http://arxiv.org/abs/1302.4389}}

@misc{Goodfellow2013Pylearn2,
  Archiveprefix = {arXiv},
  author = {Goodfellow, I. and Warde-Farley, D. and Lamblin, P. and Dumoulin, V. and Mirza, M. and Pascanu, R. and Bergstra, J. and Bastien, F. and Bengio, Y.},
  Citeulike-Article-Id = {13204440},
  Citeulike-Linkout-0 = {http://arxiv.org/abs/1308.4214},
  Date-Added = {2014-05-30 18:00:47 +0000},
  Date-Modified = {2014-05-30 18:01:47 +0000},
  Month = aug,
  Title = {{Pylearn2: a machine learning research library}},
  Year = {2013},
  Bdsk-Url-1 = {http://arxiv.org/abs/1308.4214}}

@article{Lecun1998Gradient,
  author = {Lecun, Y. and Bottou, L. and Bengio, Y. and Haffner, P.},
  Date-Added = {2014-05-30 17:57:48 +0000},
  Date-Modified = {2014-05-30 17:58:46 +0000},
  Journal = {Proceedings of the IEEE},
  Month = nov,
  Number = {11},
  Pages = {2278--2324},
  Title = {{Gradient-based learning applied to document recognition}},
  Volume = {86},
  Year = {1998},
  Bdsk-Url-1 = {http://dx.doi.org/10.1109/5.726791}}

@incollection{Rosten2006Machine,
  author = {Rosten, E. and Drummond, T.},
  Booktitle = {European Conference on Computer Vision (ECCV)},
  Date-Added = {2014-05-30 17:01:22 +0000},
  Date-Modified = {2014-05-30 17:01:45 +0000},
  Pages = {430--443},
  Publisher = {Springer},
  Title = {Machine learning for high-speed corner detection},
  Year = {2006}}

@inproceedings{Alahi2012Freak,
  author = {Alahi, A. and Ortiz, R. and Vandergheynst, P.},
  Booktitle = {IEEE Conference on Computer Vision and Pattern Recognition (CVPR)},
  Date-Added = {2014-05-30 16:59:46 +0000},
  Date-Modified = {2014-05-30 17:00:10 +0000},
  Pages = {510--517},
  Title = {Freak: Fast retina keypoint},
  Year = {2012}}

@inproceedings{Lowe1999Object,
  Booktitle = {Computer vision, 1999. The proceedings of the seventh IEEE international conference on},
  Date-Added = {2014-05-30 16:59:05 +0000},
  Date-Modified = {2014-05-30 16:59:19 +0000},
  Pages = {1150--1157},
  Title = {Object recognition from local scale-invariant features},
  Volume = {2},
  Year = {1999}}

@article{Saalfeld2010Rigid,
  author = {Saalfeld, S. and Cardona, A. and Hartenstein, V. and Toman{\v{c}}{\'a}k, P.},
  Date-Added = {2014-05-30 16:54:55 +0000},
  Date-Modified = {2014-05-30 16:55:12 +0000},
  Journal = {Bioinformatics},
  Number = {12},
  Pages = {i57--i63},
  Title = {As-rigid-as-possible mosaicking and serial section registration of large ssTEM datasets},
  Volume = {26},
  Year = {2010}}

@article{Saalfeld2012Elastic,
  author = {Saalfeld, S. and Fetter, R. and Cardona, A. and Tomancak, P.},
  Date-Added = {2014-05-30 16:53:53 +0000},
  Date-Modified = {2014-05-30 16:54:04 +0000},
  Journal = {Nature Methods},
  Number = {7},
  Pages = {717--720},
  Publisher = {Nature Publishing Group},
  Title = {Elastic volume reconstruction from series of ultra-thin microscopy sections},
  Volume = {9},
  Year = {2012}}

@book{Herlihy2012Art,
  author = {Herlihy, M. and Shavit, N.},
  Date-Added = {2014-05-30 15:56:04 +0000},
  Date-Modified = {2014-05-30 15:56:56 +0000},
  Publisher = {Morgan Kaufmann Publishers, Inc., San Francisco, CA, USA},
  Title = {The Art of Multiprocessor Programming (Revised Edition)},
  Year = {2012}}

@conference{Kreshuk2010Automated,
  author = {Kreshuk, A. and Straehle, C. and Sommer, C. and Koethe, U. and Knott, G. and Hamprecht, F.},
  Booktitle = {IEEE International Symposium on Biomedical Imaging (ISBI)},
  Date-Added = {2014-05-30 15:35:09 +0000},
  Date-Modified = {2014-05-30 15:36:18 +0000},
  Title = {Automated segmentation of synapses in 3D EM data},
  Year = {2010}}

@article{Kim2014Space,
  author = {Kim, J. and Greene, M. and Zlateski, A. and Lee, K. and Richardson, M. and Turaga, S. and Purcaro, M. and Balkam, M. and Robinson, A. and Behabadi, B. and Campos, M. and Denk, W. and Seung, H.},
  Date-Added = {2014-05-30 15:31:35 +0000},
  Date-Modified = {2014-05-30 15:33:54 +0000},
  Journal = {Nature},
  Pages = {331--336},
  Title = {Space-time wiring specificity supports direction selectivity in the retina},
  Volume = {509},
  Year = {2014}}

@unpublished{Kaynig2013Large,
  author = {Kaynig, V. and Vazquez-Reina, A. and Knowles-Barley, S. and Roberts, M. and Jones, T. and Kasthuri, N. and Miller, E. and Lichtman, J. and Pfister, H.},
  Date-Added = {2014-05-30 15:27:01 +0000},
  Date-Modified = {2014-05-30 15:29:23 +0000},
  Journal = {arXiv:1303.7186 [q-bio.NC]},
  Note = {Submitted for publication},
  Title = {Large-Scale Automatic Reconstruction of Neuronal Processes from Electron Microscopy Images},
  Year = {2013}}

@article{Korbo1990Efficient,
  author = {Korbo, L. and Pakkenberg, B. and Ladefoged, O. and Gundersen, H. and Arlien-S{\o}borg, P. and Pakkenberg, H.},
  Date-Added = {2014-05-30 15:20:37 +0000},
  Date-Modified = {2014-05-30 15:22:04 +0000},
  Journal = {Journal of Neuroscience Methods},
  Pages = {93--100},
  Title = {An efficient method for estimating the total number of neurons in rat brain cortex},
  Volume = {31},
  Year = {1990}}
  
@article{Lichtman2014Big-data,
  author = {Lichtman, J. and Pfister, H. and Shavit, N.},
  Date-Added = {2016-10-10 19:37:55 +0000},
  Date-Modified = {2016-10-10 19:39:22 +0000},
  Journal = {Nature Neuroscience},
  Title = {The big data challenges of connectomics},
  Year = {2014}
  }

@article{Schuz1989Density,
  author = {Schuz, A. and Palm, G.},
  Date-Added = {2014-05-28 18:22:36 +0000},
  Date-Modified = {2014-05-28 18:23:39 +0000},
  Journal = {Journal of Computational Neurology},
  Pages = {442--455},
  Title = {Density of Neurons and Synapses in the Cerebral Cortex of the Mouse},
  Volume = {286},
  Year = {1989}}

@article{Lichtman2011Big,
  author = {Lichtman, J. and Denk, W.},
  Date-Added = {2014-05-28 18:13:15 +0000},
  Date-Modified = {2014-05-28 18:21:16 +0000},
  Journal = {Science},
  Pages = {618--623},
  Title = {The Big and the Small: Challenges of Imaging the Brain's Circuits},
  Volume = {334},
  Year = {2011}}

@conference{Amdahl1967Validity,
  Booktitle = {AFIPS Conference Proceedings},
  Date-Added = {2014-05-28 18:11:39 +0000},
  Date-Modified = {2014-05-28 18:12:43 +0000},
  Pages = {483--485},
  Title = {Validity of the Single Processor Approach to Achieving Large-Scale Computing Capabilities},
  Volume = {30},
  Year = {1967}}

@article{Lichtman08A-technicolour,
  Abstract = {Understanding how the precise interconnections of neurons account for brain functions has been a preoccupation of neuroscientists for over a century. To accomplish this aim, neuroscientists will need various types of data. First, we will need a physical map of the neurons that },
  author = {Lichtman, J. and Livet, J. and Sanes, J.},
  Date-Added = {2014-05-28 17:58:38 +0000},
  Date-Modified = {2014-05-28 17:58:38 +0000},
  Journal = {Nature Reviews Neuroscience},
  Month = {Jan},
  Pmid = {3741802665683640700related:fOGuE7ON7TMJ},
  Rating = {0},
  Title = {A technicolour approach to the connectome},
  Uri = {papers://76D882E0-5C66-4DEC-869C-5E1D5952AA98/Paper/p1581},
  Url = {http://www.nature.com/nrn/journal/v9/n6/abs/nrn2391.html},
  Year = {2008},
  Bdsk-Url-1 = {http://www.nature.com/nrn/journal/v9/n6/abs/nrn2391.html}}

@article{Hayworth06Automating,
  Abstract = {TEM serial section reconstructions have proven invaluable for mapping the complex neural circuitry of tiny invertebrate animals such as C. Elegans [1], as well as small pieces of the vertebrate nervous system. If such reconstructions could be applied to larger volumes of neural tissue (on the },
  author = {Hayworth, K. and Kasthuri, N. and Schalek, R. and Lichtman, J.},
  Date-Added = {2014-05-28 17:58:38 +0000},
  Date-Modified = {2014-05-28 17:58:38 +0000},
  Journal = {Microscopy and Microanalysis},
  Month = {Jan},
  Number = {Suppl. 2},
  Pages = {86--87},
  Pmid = {3699432145023028680related:yE3Ceu8FVzMJ},
  Rating = {0},
  Title = {Automating the collection of ultrathin serial sections for large volume TEM reconstructions},
  Uri = {papers://76D882E0-5C66-4DEC-869C-5E1D5952AA98/Paper/p1575},
  Url = {http://journals.cambridge.org/abstract_S1431927606066268},
  Volume = {12},
  Year = {2006},
  Bdsk-Url-1 = {http://journals.cambridge.org/abstract_S1431927606066268}}

@article{Lu09Correction:,
  author = {Lu, J. and Tapia, J. and White, O. and Lichtman, J.},
  Date-Added = {2014-05-28 17:58:38 +0000},
  Date-Modified = {2014-05-28 17:58:38 +0000},
  Journal = {PLoS Biology},
  Month = {Jan},
  Rating = {0},
  Title = {Correction: The Interscutularis Muscle Connectome},
  Uri = {papers://76D882E0-5C66-4DEC-869C-5E1D5952AA98/Paper/p1583},
  Url = {http://www.ncbi.nlm.nih.gov/pmc/articles/PMC2672619/},
  Year = {2009},
  Bdsk-Url-1 = {http://www.ncbi.nlm.nih.gov/pmc/articles/PMC2672619/}}

@article{Kasthuri07Corrigendum:,
  Abstract = {nature.com homepage Login. Nature Methods homepage: My account; Submit. Register; Subscribe. Publications AZ index; Browse by subject. Search This journal. Advertisement. Journal home > Archive > Table of Contents > Corrigendum >Full text. Journal home, },
  author = {Kasthuri, N. and Lichtman, J.},
  Date-Added = {2014-05-28 17:58:38 +0000},
  Date-Modified = {2014-05-28 17:58:38 +0000},
  Journal = {Nature Methods},
  Month = {Jan},
  Rating = {0},
  Title = {Corrigendum: The rise of the'projectome'},
  Uri = {papers://76D882E0-5C66-4DEC-869C-5E1D5952AA98/Paper/p1577},
  Url = {http://www.nature.com/nmeth/journal/v4/n7/full/nmeth0707-595b.html},
  Year = {2007},
  Bdsk-Url-1 = {http://www.nature.com/nmeth/journal/v4/n7/full/nmeth0707-595b.html}}

@article{Lichtman08Ome-sweet,
  Abstract = {Some neuroscientists argue that detailed maps of synaptic connectivity -- wiring diagrams -- will be needed if we are to understand how the brain underlies behavior and how brain malfunctions underlie behavioral disorders. Such large-scale circuit reconstruction, which has been },
  author = {Lichtman, J. and Sanes, J.},
  Date-Added = {2014-05-28 17:58:38 +0000},
  Date-Modified = {2014-05-28 17:58:38 +0000},
  Journal = {Current opinion in neurobiology},
  Local-Url = {file://localhost/Users/hpfister/Documents/Papers/2008/Lichtman/Current%20opinion%20in%20neurobiology%202008%20Lichtman.pdf},
  Month = {Jan},
  Pmid = {10907249812281904328related:yEyCSepVXpcJ},
  Rating = {0},
  Title = {Ome sweet ome: what can the genome tell us about the connectome?},
  Uri = {papers://76D882E0-5C66-4DEC-869C-5E1D5952AA98/Paper/p1576},
  Url = {http://linkinghub.elsevier.com/retrieve/pii/S0959438808000834},
  Year = {2008},
  Bdsk-File-1 = {YnBsaXN0MDDUAQIDBAUGJCVYJHZlcnNpb25YJG9iamVjdHNZJGFyY2hpdmVyVCR0b3ASAAGGoKgHCBMUFRYaIVUkbnVsbNMJCgsMDxJXTlMua2V5c1pOUy5vYmplY3RzViRjbGFzc6INDoACgAOiEBGABIAFgAdccmVsYXRpdmVQYXRoWWFsaWFzRGF0YV8QUi4uLy4uLy4uLy4uL1BhcGVycy8yMDA4L0xpY2h0bWFuL0N1cnJlbnQgb3BpbmlvbiBpbiBuZXVyb2Jpb2xvZ3kgMjAwOCBMaWNodG1hbi5wZGbSFwsYGVdOUy5kYXRhTxECLgAAAAACLgACAAAMTWFjaW50b3NoIEhEAAAAAAAAAAAAAAAAAAAAxqtDtkgrAAAAoXMGH0N1cnJlbnQgb3BpbmlvbiBpbiBuI0ExNzMwNy5wZGYAAAAAAAAAAAAAAAAAAAAAAAAAAAAAAAAAAAAAAAAAAAChcwfINaRkAAAAAAAAAAAABAAEAAAJIAAAAAAAAAAAAAAAAAAAAAhMaWNodG1hbgAQAAgAAMare/YAAAARAAgAAMg13KQAAAABABgAoXMGAIHPyQBvDyEACASqAAf5RwAAkOcAAgBaTWFjaW50b3NoIEhEOlVzZXJzOmhwZmlzdGVyOkRvY3VtZW50czpQYXBlcnM6MjAwODpMaWNodG1hbjpDdXJyZW50IG9waW5pb24gaW4gbiNBMTczMDcucGRmAA4AZAAxAEMAdQByAHIAZQBuAHQAIABvAHAAaQBuAGkAbwBuACAAaQBuACAAbgBlAHUAcgBvAGIAaQBvAGwAbwBnAHkAIAAyADAAMAA4ACAATABpAGMAaAB0AG0AYQBuAC4AcABkAGYADwAaAAwATQBhAGMAaQBuAHQAbwBzAGgAIABIAEQAEgBfVXNlcnMvaHBmaXN0ZXIvRG9jdW1lbnRzL1BhcGVycy8yMDA4L0xpY2h0bWFuL0N1cnJlbnQgb3BpbmlvbiBpbiBuZXVyb2Jpb2xvZ3kgMjAwOCBMaWNodG1hbi5wZGYAABMAAS8AABUAAgAP//8AAIAG0hscHR5aJGNsYXNzbmFtZVgkY2xhc3Nlc11OU011dGFibGVEYXRhox0fIFZOU0RhdGFYTlNPYmplY3TSGxwiI1xOU0RpY3Rpb25hcnmiIiBfEA9OU0tleWVkQXJjaGl2ZXLRJidUcm9vdIABAAgAEQAaACMALQAyADcAQABGAE0AVQBgAGcAagBsAG4AcQBzAHUAdwCEAI4A4wDoAPADIgMkAykDNAM9A0sDTwNWA18DZANxA3QDhgOJA44AAAAAAAACAQAAAAAAAAAoAAAAAAAAAAAAAAAAAAADkA==},
  Bdsk-Url-1 = {http://linkinghub.elsevier.com/retrieve/pii/S0959438808000834}}

@article{Cai06Repulsive,
  Abstract = {The branching patterns of axons and dendrites are fundamental structural properties that affect the synaptic connectivity of axons. Although today three-dimensional images of fluorescently labeled processes can be obtained to study axonal branching, there are no robust },
  author = {Cai, H. and Xu, X. and Lu, J. and Lichtman, J. and Yung, S. and Wong, S.},
  Date-Added = {2014-05-28 17:58:38 +0000},
  Date-Modified = {2014-05-28 17:58:38 +0000},
  Journal = {NeuroImage},
  Month = {Jan},
  Pmid = {7067644244711100593related:sdDWnP5QFWIJ},
  Rating = {0},
  Title = {Repulsive force based snake model to segment and track neuronal axons in 3D microscopy image stacks},
  Uri = {papers://76D882E0-5C66-4DEC-869C-5E1D5952AA98/Paper/p1585},
  Url = {http://linkinghub.elsevier.com/retrieve/pii/S1053811906005787},
  Year = {2006},
  Bdsk-Url-1 = {http://linkinghub.elsevier.com/retrieve/pii/S1053811906005787}}

@article{Lichtman08Seeing,
  Abstract = {Developmental neurobiology has been greatly invigorated by a recent string of breakthroughs in molecular biology and optical physics that permit direct in vivo observation of neural circuit assembly. The imaging done thus far suggests that as brains are built, a significant },
  author = {Lichtman, J. and Smith, S.},
  Date-Added = {2014-05-28 17:58:38 +0000},
  Date-Modified = {2014-05-28 17:58:38 +0000},
  Journal = {Neuron},
  Month = {Jan},
  Pmid = {12190047567899311083related:67vAZ62_K6kJ},
  Rating = {0},
  Title = {Seeing circuits assemble},
  Uri = {papers://76D882E0-5C66-4DEC-869C-5E1D5952AA98/Paper/p1580},
  Url = {http://linkinghub.elsevier.com/retrieve/pii/S0896627308009136},
  Year = {2008},
  Bdsk-Url-1 = {http://linkinghub.elsevier.com/retrieve/pii/S0896627308009136}}

@article{Lu09Semi-automated,
  Abstract = {We introduce a method for large scale reconstruction of complex bundles of neural processes from fluorescent image stacks. We imaged yellow fluorescent protein labeled axons that innervated a whole muscle, as well as dendrites in cerebral cortex, in transgenic mice, at the },
  author = {Lu, J. and Fiala, J. and Lichtman, J.},
  Date-Added = {2014-05-28 17:58:38 +0000},
  Date-Modified = {2014-05-28 17:58:38 +0000},
  Journal = {PLoS ONE},
  Month = {Jan},
  Pmid = {892425552300473149related:PftZwU-IYgwJ},
  Rating = {0},
  Title = {Semi-automated reconstruction of neural processes from large numbers of fluorescence images},
  Uri = {papers://76D882E0-5C66-4DEC-869C-5E1D5952AA98/Paper/p1584},
  Url = {http://www.ncbi.nlm.nih.gov/pmc/articles/PMC2682575/},
  Year = {2009},
  Bdsk-Url-1 = {http://www.ncbi.nlm.nih.gov/pmc/articles/PMC2682575/}}

@article{Lu09The-interscutularis,
  Abstract = {The complete connectional map (connectome) of a neural circuit is essential for understanding its structure and function. Such maps have only been obtained in Caenorhabditis elegans. As an attempt at solving mammalian circuits, we reconstructed the connectomes of six },
  author = {Lu, J. and Tapia, J. and White, O. and Lichtman, J.},
  Date-Added = {2014-05-28 17:58:38 +0000},
  Date-Modified = {2014-05-28 17:58:38 +0000},
  Journal = {PLoS Biol},
  Month = {Jan},
  Pmid = {8603850740450940320related:oFUPzakEZ3cJ},
  Rating = {0},
  Title = {The interscutularis muscle connectome},
  Uri = {papers://76D882E0-5C66-4DEC-869C-5E1D5952AA98/Paper/p1582},
  Url = {http://biology.plosjournals.org/perlserv/?request=get-document&doi=10.1371%252Fjournal.pbio.1000032},
  Year = {2009},
  Bdsk-Url-1 = {http://biology.plosjournals.org/perlserv/?request=get-document&doi=10.1371%252Fjournal.pbio.1000032}}

@article{Kasthuri07The-rise,
  Abstract = {nature.com homepage Full text access provided to Googlebot Access by Web Services. Nature Methods homepage: My account; Submit. Register; Subscribe. Publications AZ index; Browse by subject. Search This journal. Advertisement. },
  author = {Kasthuri, N. and Lichtman, J.},
  Date-Added = {2014-05-28 17:58:38 +0000},
  Date-Modified = {2014-05-28 17:58:38 +0000},
  Journal = {Nature Methods},
  Month = {Jan},
  Pmid = {11840658196259443947related:65TcHuV3UqQJ},
  Rating = {0},
  Title = {The rise of the'projectome'},
  Uri = {papers://76D882E0-5C66-4DEC-869C-5E1D5952AA98/Paper/p1578},
  Url = {http://www.nature.com/nmeth/journal/v4/n4/abs/nmeth0407-307.html},
  Year = {2007},
  Bdsk-Url-1 = {http://www.nature.com/nmeth/journal/v4/n4/abs/nmeth0407-307.html}}

@article{Livet07Transgenic,
  Abstract = {Detailed analysis of neuronal network architecture requires the development of new methods. Here we present strategies to visualize synaptic circuits by genetically labelling neurons with multiple, distinct colours. In Brainbow transgenes, Cre/lox recombination is used to },
  author = {Livet, J. and Weissman, T. and Kang, H. and Draft, R. and Lu, J.},
  Date-Added = {2014-05-28 17:58:38 +0000},
  Date-Modified = {2014-05-28 17:58:38 +0000},
  Journal = {Nature},
  Month = {Jan},
  Pmid = {13684060356534000829related:vdw2nGSM570J},
  Rating = {0},
  Title = {Transgenic strategies for combinatorial expression of fluorescent proteins in the nervous system},
  Uri = {papers://76D882E0-5C66-4DEC-869C-5E1D5952AA98/Paper/p1579},
  Url = {http://www.nature.com/nature/journal/v450/n7166/abs/nature06293.html},
  Year = {2007},
  Bdsk-Url-1 = {http://www.nature.com/nature/journal/v450/n7166/abs/nature06293.html}}

@article{Beyer2013Connectome,
  author = {Beyer, J. and Al-Awami, A. and Kasthuri, N. and Lichtman, J.W. and Pfister, H. and Hadwiger, M.},
  Date-Added = {2014-05-28 17:57:15 +0000},
  Date-Modified = {2014-05-28 17:57:15 +0000},
  Journal = {IEEE Transactions on Visualization and Computer Graphics},
  Title = {ConnectomeExplorer: Query-Guided Visual Analysis of Large Volumetric Neuroscience Data},
  Volume = {19},
  Year = {2013}}

@article{Beyer2013Exploring,
  author = {Beyer, J. and Hadwiger, M. and Al-Awami, A. and Jeong, W. and Kasthuri, N. and Lichtman, J.W. and Pfister, H.},
  Date-Added = {2014-05-28 17:57:15 +0000},
  Date-Modified = {2014-05-28 17:57:15 +0000},
  Journal = {IEEE Computer Graphics and Applications},
  Pages = {50-61},
  Title = {Exploring the Connectome - Petascale Volume Visualization of Microscopy Data Streams},
  Volume = {33},
  Year = {2013}}

@article{Hadwiger2012Interactive,
  author = {Hadwiger, M. and Beyer, J. and Jeong, W. and Pfister, H.},
  Date-Added = {2014-05-28 17:57:15 +0000},
  Date-Modified = {2014-05-28 17:57:15 +0000},
  Journal = {IEEE Transactions on Visualization and Computer Graphics},
  Pages = {2285-2294},
  Title = {Interactive Volume Exploration of Petascale Microscopy Data Streams Using a Visualization-Driven Virtual Memory Approach},
  Volume = {18},
  Year = {2012}}

@article{Jeong09Scalable,
  author = {Jeong, W. and Beyer, J. and Hadwiger, M. and Vazquez, A. and Pfister, H. and Whitaker, R.},
  Date-Added = {2014-05-28 17:57:15 +0000},
  Date-Modified = {2014-05-28 17:57:15 +0000},
  Journal = {IEEE Transactions on Visualization and Computer Graphics},
  Month = oct,
  Number = {6},
  Pages = {1505--1514},
  Title = {Scalable and Interactive Segmentation and Visualization of Neural Processes in EM Datasets},
  Volume = {15},
  Year = {2009}}

@article{Jeong10Interactive,
  author = {Jeong, W. and Schneider, J. and Turney, S. and Faulkner-Jones, B. and Meyer, D. and Westermann, R. and Lichtman, J. and Pfister, H.},
  Date-Added = {2014-05-28 17:57:15 +0000},
  Date-Modified = {2014-05-28 17:57:15 +0000},
  Journal = {IEEE Transactions on Visualization and Computer Graphics},
  Number = {6},
  Pages = {1386-1395},
  Title = {Interactive Histology of Large-Scale Biomedical Image Stacks},
  Volume = {16},
  Year = {2010}}

@article{Jeong2010NeuroTrace,
  author = {Jeong, W. and Beyer, J. and Hadwiger, M. and Blue, R. and Law, C. and Vazquez, A. and Reid, C. and Lichtman, J. and Pfister, H.},
  Date-Added = {2014-05-28 17:57:15 +0000},
  Date-Modified = {2014-06-03 14:49:56 +0000},
  Journal = {IEEE Computer Graphics and Applications},
  Month = {05/2010},
  Pages = {58-70},
  Title = {SSECRETT and NeuroTrace: Interactive Visualization and Analysis Tools for Large-Scale Neuroscience Datasets},
  Volume = {30},
  Year = {2010}}

@article{Jeong2013Collaborative,
  author = {Jeong, W. and Schneider, J. and Hansen, A. and Lee, M. and Faulkner-Jones, B.E. and Hecht, J. and Najarian, R. and Yee, E. and Lichtrman, J. and Pfister, H.},
  Date-Added = {2014-05-28 17:57:15 +0000},
  Date-Modified = {2014-05-28 17:57:15 +0000},
  Journal = {Computer Graphics Forum},
  Title = {A Collaborative Digital Pathology System for Multi-Touch Mobile and Desktop Computing Platforms},
  Year = {2013}}

@conference{Kumar10Radon,
  author = {Kumar, R. and Vazquez-Reina, A. and Pfister, H.},
  Booktitle = {IEEE Computer Society Workshop on Mathematical Methods in Biomedical Image Analysis (MMBIA)},
  Date-Added = {2014-05-28 17:57:15 +0000},
  Date-Modified = {2014-06-04 13:07:04 +0000},
  Title = {Radon-Like Features and their Application to Connectomics},
  Year = {2010}}

@conference{Reina09Multiphase,
  author = {Vazquez-Reina, A. and Miller, E. and Pfister, H.},
  Booktitle = {IEEE Computer Society Conference on Computer Vision and Pattern Recognition (CVPR)},
  Date-Added = {2014-05-28 17:57:15 +0000},
  Date-Modified = {2014-05-28 17:57:15 +0000},
  Title = {Multiphase Geometric Couplings for the Segmentation of Neural Processes},
  Year = {2009}}


@conference{Roberts2011Neural,
  author = {Roberts, M. and Jeong, W. and Vazquez-Reina, A. and Unger, M. and Bischof, H. and Lichtman, J. and Pfister, H.},
  Booktitle = {Medical Image Computing and Computer-Assisted Intervention (MICCAI)},
  Date-Added = {2014-05-28 17:57:15 +0000},
  Date-Modified = {2014-05-28 17:57:15 +0000},
  Pages = {621-628},
  Title = {Neural Process Reconstruction from Sparse User Scribbles},
  Volume = {6891},
  Year = {2011}}
  
@article {seymour2013mojo,
    title={Mojo 2.0: Connectome annotation tool},
  author = {Knowles-Barley, S. and Roberts, M. and Kasthuri, N. and Lee, D. and Pfister, H. and Lichtman, J.},
    journal={Frontiers in Neuroinformatics},
    volume={60},
    year={2013}
}

@conference{Seyedhosseini2011Detection,
  author = {Seyedhosseini, M. and Kumar, R. and Jurrus, E. and Giuly, R. and Ellisman, M. and Pfister, H. and Tasdizen, T.},
  Booktitle = {Medical Image Computing and Computer-Assisted Intervention (MICCAI)},
  Date-Added = {2014-05-28 17:57:15 +0000},
  Date-Modified = {2014-05-28 17:57:15 +0000},
  Pages = {670-677},
  Title = {Detection of Neuron Membranes in Electron Microscopy Images using Multi-scale Context and Radon-like Features},
  Volume = {6891},
  Year = {2011}}

@conference{Vazquez-Reina2011Segmentation,
  author = {Vazquez-Reina, A. and Huang, D. and Gelbart, M. and Lichtman, J. and Miller, E. and Pfister, H.},
  Booktitle = {IEEE International Conference on Computer Vision (ICCV)},
  Date-Added = {2014-05-28 17:57:15 +0000},
  Date-Modified = {2014-05-28 17:57:15 +0000},
  Pages = {177-184},
  Title = {Segmentation Fusion for Connectomics},
  Year = {2011}}

@article{Abernethy:2009:NACF,
  author = {Abernethy, J. and Bach, F. and Evgeniou, T. and Vert, J.},
  Journal = {Journal of Machine Learning Research},
  Month = jun,
  Pages = {803--826},
  Title = {A New Approach to Collaborative Filtering: Operator Estimation with Spectral Regularization},
  Volume = {10},
  Year = {2009}}

@inproceedings{Adato:2011:PR,
  author = {Adato, Y. and Zickler, T. and Ben-Shahar, O.},
  Booktitle = CVPR,
  Ee = {http://dx.doi.org/10.1109/CVPR.2011.5995419},
  Owner = {dqsun},
  Pages = {1145--1152},
  Timestamp = {2012.08.21},
  Title = {A polar representation of motion and implications for optical flow},
  Year = {2011}}

@incollection{adelson1991plenoptic,
  author = {Adelson, E. and Bergen, J.},
  Booktitle = {Computational models of visual processing},
  Date-Added = {2012-09-26 00:13:17 -0400},
  Date-Modified = {2012-09-26 00:14:55 -0400},
  Editor = {M. Landy and J.A. Movshon},
  Publisher = {MIT Press, Cambridge, MA},
  Title = {The plenoptic function and the elements of early vision},
  Year = {1991}}

@article{Adelson:1984:PIP,
  author = {Adelson, E.H. and Anderson, C.H. and Bergen, J.R. and Burt, P.J. and Ogden, J.M.},
  Date-Added = {2012-10-03 20:49:07 -0400},
  Date-Modified = {2012-10-03 20:49:07 -0400},
  Journal = {RCA Engineer},
  Month = nov,
  Number = {6},
  Owner = {dqsun},
  Pages = {33--41},
  Timestamp = {2011.07.19},
  Title = {Pyramid methods in image processing},
  Volume = {29},
  Year = {1984}}

@inproceedings{agrawal2010reinterpretable,
  author = {Agrawal, A. and Veeraraghavan, A. and Raskar, R.},
  Booktitle = {Computer Graphics Forum},
  Date-Added = {2012-10-04 23:30:25 -0400},
  Date-Modified = {2012-10-04 23:30:36 -0400},
  Number = {2},
  Pages = {763--772},
  Title = {Reinterpretable Imager: Towards Variable Post-Capture Space, Angle and Time Resolution in Photography},
  Volume = {29},
  Year = {2010}}

@inproceedings{alldrin2007resolving,
  author = {Alldrin, N. and Mallick, S. and Kriegman, D.},
  Booktitle = {Proc. IEEE Conf. Computer Vision and Pattern Recognition},
  Date-Added = {2012-10-06 21:34:44 -0400},
  Date-Modified = {2012-10-06 21:35:01 -0400},
  Title = {Resolving the generalized bas-relief ambiguity by entropy minimization},
  Year = {2007}}

@article{Alvarez:2007:SDOF,
  author = {Alvarez, L. and Deriche, R. and Papadopoulo, T. and Sanchez, J.},
  Bibsource = {http://www.visionbib.com/bibliography/optic-f740.html#TT53234},
  Journal = IJCV,
  Month = {December},
  Number = {3},
  Pages = {371-385},
  Title = {Symmetrical Dense Optical Flow Estimation with Occlusions Detection},
  Volume = {75},
  Year = {2007}}

@article{Andujar2007Omnidirectional,
  author = {And{\'u}jar, C. and Boo, J. and Brunet, P. and Fair{\'e}n, M. and Navazo, I. and Vazquez, P. and Vinacua, A.},
  Journal = {Computer Graphics Forum},
  Number = {3},
  Pages = {553--560},
  Title = {Omni-directional Relief Impostors},
  Volume = {26},
  Year = {2007}}

@incollection{Andres:2010:OGM,
  Affiliation = {HCI, IWR, University of Heidelberg},
  author = {Andres, B. and Kappes, J. and K\"{o}the, U. and Schn\"{o}rr, C. and Hamprecht, F.},
  Booktitle = {Pattern Recognition},
  Doi = {10.1007/978-3-642-15986-2_36},
  Editor = {Goesele, M. and Roth, S. and Kuijper, A. and Schiele, B. and Schindler, K.},
  Owner = {dqsun},
  Pages = {353-362},
  Publisher = {Springer},
  Series = {Lecture Notes in Computer Science},
  Timestamp = {2012.09.11},
  Title = {An Empirical Comparison of Inference Algorithms for Graphical Models with Higher Order Factors Using OpenGM},
  Volume = {6376},
  Year = {2010},
  Bdsk-Url-1 = {http://dx.doi.org/10.1007/978-3-642-15986-2_36}}

@article{Andres:2012:OGM,
  author = {Andres, B. and T., B. and Kappes, J.},
  Eprint = {1206.0111},
  Journal = {ArXiv e-prints},
  Owner = {dqsun},
  Timestamp = {2012.09.11},
  Title = {{OpenGM}: A {C++} Library for Discrete Graphical Models},
  Url = {http://arxiv.org/abs/1206.0111},
  Year = {2012},
  Bdsk-Url-1 = {http://arxiv.org/abs/1206.0111}}

@unpublished{SunAnonymous,
  Note = {Supplemental material},
  Title = {Anonymous}}

@unpublished{SunECCVAnonymous,
  Title = {Smoothness in Layers Revisited}}

@inproceedings{Ayer:1995:LRMDL,
  author = {Ayer, S. and Sawhney, H.},
  Booktitle = {ICCV},
  Doi = {10.1109/ICCV.1995.466859},
  Month = {Jun},
  Owner = {dqsun},
  Pages = {777-784},
  Review = {layer},
  Timestamp = {2010.01.11},
  Title = {Layered representation of motion video using robust maximum-likelihood estimation of mixture models and {MDL} encoding},
  Year = {1995},
  Bdsk-Url-1 = {http://dx.doi.org/10.1109/ICCV.1995.466859}}

@article{Ba:meeting,
  author = {Ba, S. and Odobez, J.},
  Date-Added = {2013-10-16 17:50:16 +0000},
  Date-Modified = {2013-10-16 17:50:16 +0000},
  Journal = {IEEE Transaction on Pattern Analysis and Machine Intelligence},
  Pages = {101 - 116},
  Title = {Multiperson Visual Focus of Attention from Head Pose and Meeting Contextual Cues},
  Volume = {33},
  Year = {2011}}

@article{babacan2012compressive,
  author = {Babacan, D. and Ansorge, R. and Luessi, M. and Ruiz, P. and Molina, R. and Katsaggelos, A.},
  Date-Added = {2012-10-04 22:33:05 -0400},
  Date-Modified = {2012-10-04 22:33:19 -0400},
  Journal = {IEEE Transactions on Image Processing},
  Publisher = {IEEE},
  Title = {Compressive Light Field Sensing},
  Year = {2012}}

@article{Baecher2012Fabricating,
  author = {Baecher, M. and Bickel, B. and James, D.L. and Pfister, H.},
  Date-Added = {2012-10-06 14:09:17 +0000},
  Date-Modified = {2012-10-06 14:09:28 +0000},
  Journal = {ACM Transactions on Graphics (Proc. ACM SIGGRAPH)},
  Title = {Fabricating Articulated Characters from Skinned Meshes},
  Volume = {31},
  Year = {2012}}

@inproceedings{Bai:2007:GF,
  author = {Bai, X. and Sapiro, G.},
  Bibsource = {DBLP, http://dblp.uni-trier.de},
  Booktitle = {ICCV},
  Owner = {dqsun},
  Pages = {1-8},
  Timestamp = {2012.10.03},
  Title = {A Geodesic Framework for Fast Interactive Image and Video Segmentation and Matting},
  Year = {2007}}

@article{Bai:2009:VS,
  author = {Bai, X. and Wang, J. and Simons, D. and Sapiro, G.},
  Bibsource = {DBLP, http://dblp.uni-trier.de},
  Ee = {http://doi.acm.org/10.1145/1531326.1531376},
  Journal = SIGGRAPH,
  Month = jul,
  Number = {3},
  Owner = {dqsun},
  Pages = {70:1--70:11},
  Timestamp = {2011.07.24},
  Title = {Video SnapCut: robust video object cutout using localized classifiers},
  Volume = {28},
  Year = {2009}}

@inproceedings{Bai:2009:VSR,
  Acmid = {1531376},
  Articleno = {70},
  author = {Bai, X. and Wang, J. and Simons, D. and Sapiro, G.},
  Booktitle = siggraph,
  Doi = {http://doi.acm.org/10.1145/1576246.1531376},
  Isbn = {978-1-60558-726-4},
  Location = {New Orleans, Louisiana},
  Numpages = {11},
  Title = {Video SnapCut: Robust video object cutout using localized classifiers},
  Url = {http://doi.acm.org/10.1145/1576246.1531376},
  Year = {2009},
  Bdsk-Url-1 = {http://doi.acm.org/10.1145/1576246.1531376}}

@techreport{Baker:1999:SROF,
  author = {Baker, S. and Kanade, T.},
  Institution = {CMU},
  Owner = {t-desun},
  Review = {Simultaneously solves optical flow superresolution. no explicity objective, ad hoc algorithm (upsampling, iterate between flow, warp, average, and deblur the intermediate result). Not good at motion boundaries due to optical flow (L-K).},
  Timestamp = {2010.10.12},
  Title = {Super-Resolution Optical Flow},
  Year = {1999}}

@conference{Baker:2007:DEO,
  author = {Baker, S. and Scharstein, D. and Lewis, J. and Roth, S. and Black, M. and Szeliski, R.},
  Booktitle = ICCV,
  Title = {A Database and Evaluation Methodology for Optical Flow},
  Year = {2007}}

@article{Baker:2011:DEO,
  author = {Baker, S. and Scharstein, D. and Lewis, J. and Roth, S. and Black, M. and Szeliski, R.},
  Journal = IJCV,
  Month = {March},
  Number = {1},
  Owner = {dqsun},
  Pages = {1-31},
  Timestamp = {2011.02.17},
  Title = {A Database and Evaluation Methodology for Optical Flow},
  Volume = {92},
  Year = {2011}}

@inproceedings{Baker:1998:LS,
  author = {Baker, S. and Szeliski, R. and Anandan, P.},
  Booktitle = CVPR,
  Doi = {10.1109/CVPR.1998.698642},
  File = {:/home/dqsun/http\:/research.microsoft.com/pubs/64207/baker-cvpr98.pdf:PDF},
  Issn = {1063-6919},
  Month = {Jun},
  Owner = {dqsun},
  Pages = {434-441},
  Timestamp = {2009.12.08},
  Title = {A layered approach to stereo reconstruction},
  Year = {1998},
  Bdsk-Url-1 = {http://dx.doi.org/10.1109/CVPR.1998.698642}}

@article{Ballan:2010:UVR:1833351.1778824,
  Acmid = {1778824},
  Address = {New York, NY, USA},
  Articleno = {87},
  author = {Ballan, L. and Brostow, G. and Puwein, J. and Pollefeys, M.},
  Doi = {http://doi.acm.org/10.1145/1778765.1778824},
  Issn = {0730-0301},
  Issue = {4},
  Journal = {ACM Trans. Graph.},
  Month = {July},
  Numpages = {11},
  Owner = {dqsun},
  Pages = {87:1--87:11},
  Publisher = {ACM},
  Timestamp = {2012.08.07},
  Title = {Unstructured video-based rendering: interactive exploration of casually captured videos},
  Url = {http://doi.acm.org/10.1145/1778765.1778824},
  Volume = {29},
  Year = {2010},
  Bdsk-Url-1 = {http://doi.acm.org/10.1145/1778765.1778824}}

@inproceedings{Bao:2013:SP,
  author = {Bao, S.Y. and Chandraker, M. and Lin, Y. and Savarese, S.},
  Booktitle = CVPR,
  Journal = {The IEEE Conference on Computer Vision and Pattern Recognition (CVPR)},
  Month = {June},
  Owner = {dqsun},
  Timestamp = {2013.10.11},
  Title = {Dense Object Reconstruction with Semantic Priors},
  Year = {2013}}

@inproceedings{barron2012shape,
  author = {Barron, J. and Malik, J.},
  Booktitle = {IEEE Conference on Computer Vision and Pattern Recognition (CVPR)},
  Date-Added = {2012-10-06 21:32:06 -0400},
  Date-Modified = {2012-10-06 21:32:20 -0400},
  Title = {Shape, albedo, and illumination from a single image of an unknown object},
  Year = {2012}}

@inproceedings{Barron:2013:IRGBD,
  author = {Barron, J.T. and Malik, J.},
  Booktitle = CVPR,
  Journal = {The IEEE Conference on Computer Vision and Pattern Recognition (CVPR)},
  Month = {June},
  Owner = {dqsun},
  Timestamp = {2013.10.11},
  Title = {Intrinsic Scene Properties from a Single RGB-D Image},
  Year = {2013}}

@inproceedings{BashaAHM12,
  author = {Basha, T. and Avidan, S. and Hornung, A. and Matusik, W.},
  Bibsource = {DBLP, http://dblp.uni-trier.de},
  Booktitle = {CVPR},
  Ee = {http://doi.ieeecomputersociety.org/10.1109/CVPR.2012.6247830},
  Pages = {1426-1433},
  Title = {Structure and motion from scene registration},
  Year = {2012}}

@inproceedings{Dhruv:2010:ICOG,
  author = {Batra, D. and Kowdle, A. and Parikh, D. and Luo, J. and Chen, T.},
  Booktitle = CVPR,
  Organization = {IEEE},
  Owner = {dqsun},
  Pages = {3169--3176},
  Timestamp = {2013.10.17},
  Title = {icoseg: Interactive co-segmentation with intelligent scribble guidance},
  Year = {2010}}

@article{Behrendt2005Realistic,
  author = {Behrendt, S. and Colditz, C. and Franzke, O. and Kopf, J. and Deussen, O.},
  Journal = {Computer Graphics Forum},
  Number = {3},
  Pages = {507--516},
  Title = {Realistic real-time rendering of landscapes using billboard clouds},
  Volume = {24},
  Year = {2005}}

@inproceedings{Belhumeur:1992:SO,
  author = {Belhumeur, P. and Mumford, D.},
  Bibsource = {http://www.visionbib.com/bibliography/stereo425.html#TT36381},
  Booktitle = {CVPR},
  Owner = {dqsun},
  Pages = {506-512},
  Timestamp = {2010.03.14},
  Title = {A Bayesian Treatment of the Stereo Correspondence Problem Using Half-Occluded Regions},
  Year = {1992}}

@inproceedings{Carlo99multiwaycut,
  author = {Birchfield, S. and Tomasi, C.},
  Booktitle = ICCV,
  Pages = {489--495},
  Title = {Multiway Cut for Stereo and Motion with Slanted Surfaces},
  Year = {1999}}

@article{Black:1996:REMO,
  author = {Black, M. and Anandan, P.},
  File = {:http\://www.cs.brown.edu/~black/Papers/cviu.63.1.1996.html:URL;:/home/dqsun/http\:/www.cs.brown.edu/~black/Papers/cviu.63.1.1996.pdf:PDF;opticalFlow\\BlackA1996.pdf:opticalFlow\\BlackA1996.pdf:PDF},
  Journal = CVIU,
  Owner = {dqsun},
  Pages = {75-104},
  Timestamp = {2007.05.21},
  Title = {The robust estimation of multiple motions: Parametric and piecewise-smooth flow fields},
  Volume = {63},
  Year = {1996}}

@inproceedings{Black:CVPR:91,
  author = {Black, M. and Anandan, P.},
  Bibsource = {http://www.visionbib.com/bibliography/optic-f746.html#TT73672},
  Booktitle = CVPR,
  Pages = {296-302},
  Title = {Robust Dynamic Motion Estimation Over Time},
  Year = {1991}}

@inproceedings{blackiccv90,
  author = {M.~J.~Black,  and P.~Anandan, },
  Booktitle = ICCV,
  Pages = {33--37},
  Title = {A model for the detection of motion over time},
  Year = {1990}}

@article{Black:2000:DTMB,
  author = {Black, M. and Fleet, D.},
  Bibsource = {http://www.visionbib.com/bibliography/optic-f745.html#TT79696},
  Journal = IJCV,
  Month = {July},
  Number = {3},
  Pages = {231-245},
  Title = {Probabilistic Detection and Tracking of Motion Boundaries},
  Volume = {38},
  Year = {2000}}

@article{Black:1996:OFS,
  author = {Black, M. and Jepson, A.},
  Bibsource = {http://www.visionbib.com/bibliography/optic-f746.html#TT69071},
  Journal = PAMI,
  Month = {October},
  Number = {10},
  Owner = {dqsun},
  Pages = {972-986},
  Timestamp = {2010.02.21},
  Title = {Estimating Optical-Flow in Segmented Images Using Variable-Order Parametric Models with Local Deformations},
  Volume = {18},
  Year = {1996}}

@article{black96,
  author = {Black, M. and Rangarajan, A.},
  Journal = ijcv,
  Number = {1},
  Pages = {57--91},
  Title = {On the Unification of Line Processes, Outlier Rejection, and Robust Statistics with Applications in Early Vision},
  Volume = {19},
  Year = {1996}}

@inproceedings{Bleyer:2010:SSSS,
  author = {Bleyer, M. and Rother, C. and Kohli, P.},
  Booktitle = CVPR,
  Owner = {dqsun},
  Timestamp = {2009.05.02},
  Title = {Surface Stereo with Soft Segmentation},
  Year = {2010}}

@article{bolles1987epipolar,
  author = {Bolles, R. and Baker, H. and Marimont, D.},
  Date-Added = {2012-10-08 21:12:52 -0400},
  Date-Modified = {2012-10-08 21:12:52 -0400},
  Journal = {International Journal of Computer Vision},
  Number = {1},
  Pages = {7--55},
  Publisher = {Springer},
  Title = {Epipolar-plane image analysis: An approach to determining structure from motion},
  Volume = {1},
  Year = {1987}}

@article{Bonneel2013Example,
  author = {Bonneel, N. and Sunkavalli, K. and Paris, S. and Pfister, H.},
  Date-Added = {2013-10-30 21:11:49 +0000},
  Date-Modified = {2013-10-30 21:11:59 +0000},
  Journal = {ACM Transactions on Graphics (Proc. ACM SIGGRAPH)},
  Title = {Example-Based Video Color Grading},
  Volume = {32},
  Year = {2013}}

@article{Boykov:2001:PAMI,
  Address = {Washington, DC, USA},
  author = {Boykov, Y. and Veksler, O. and Zabih, R.},
  Doi = {http://dx.doi.org/10.1109/34.969114},
  Issn = {0162-8828},
  Journal = PAMI,
  Month = {Nov},
  Number = {11},
  Pages = {1222--1239},
  Publisher = {IEEE Computer Society},
  Title = {Fast Approximate Energy Minimization via Graph Cuts},
  Volume = {23},
  Year = {2001},
  Bdsk-Url-1 = {http://dx.doi.org/10.1109/34.969114}}

@inproceedings{brox2011object,
  author = {Brox, T. and Bourdev, L. and Maji, S. and Malik, J.},
  Booktitle = {CVPR},
  Organization = {IEEE},
  Pages = {2225--2232},
  Title = {Object segmentation by alignment of poselet activations to image contours},
  Year = {2011}}

@inproceedings{Brox:2009:LDOF,
  author = {Brox, T. and Bregler, C. and Malik, J.},
  Booktitle = CVPR,
  Title = {Large displacement optical flow},
  Year = {2009}}

@inproceedings{Brox:2004:HAO,
  author = {Brox, T. and Bruhn, A. and Papenberg, N. and Weickert, J.},
  Bibsource = {http://www.visionbib.com/bibliography/optic-f742.html#TT55377},
  Booktitle = ECCV,
  Date-Added = {2012-10-03 20:49:07 -0400},
  Date-Modified = {2012-10-03 20:49:07 -0400},
  File = {:/home/dqsun/http\:/www.cs.berkeley.edu/~brox/pub/brox_eccv04_of.pdf:PDF},
  Owner = {dqsun},
  Pages = {25--36},
  Timestamp = {2011.07.19},
  Title = {High Accuracy Optical Flow Estimation Based on a Theory for Warping},
  Year = {2004}}

@inproceedings{Brox2004,
  author = {Brox, T. and Bruhn, A. and Papenberg, N. and Weickert, J.},
  Bibsource = {http://www.visionbib.com/bibliography/optic-f742.html#TT55377},
  Booktitle = ECCV,
  File = {:/home/dqsun/http\:/www.cs.berkeley.edu/~brox/pub/brox_eccv04_of.pdf:PDF},
  Owner = {dqsun},
  Pages = {25--36},
  Timestamp = {2011.07.19},
  Title = {High Accuracy Optical Flow Estimation Based on a Theory for Warping},
  Year = {2004}}

@inproceedings{Brox:2006:VMSLS,
  author = {Brox, T. and Bruhn, A. and Weickert, J.},
  Bibsource = {http://www.visionbib.com/bibliography/segment363.html#TT36044},
  Booktitle = ECCV,
  Pages = {471-483},
  Title = {Variational Motion Segmentation with Level Sets},
  Volume = {I},
  Year = {2006}}

@article{Brox:2011:LDOF,
  author = {Brox, T. and Malik, J.},
  Bibsource = {DBLP, http://dblp.uni-trier.de},
  Ee = {http://doi.ieeecomputersociety.org/10.1109/TPAMI.2010.143},
  Journal = PAMI,
  Month = mar,
  Number = {3},
  Owner = {deqing},
  Pages = {500--513},
  Timestamp = {2012.04.10},
  Title = {Large Displacement Optical Flow: Descriptor Matching in Variational Motion Estimation},
  Volume = {33},
  Year = {2011}}

@article{Brox:flow,
  author = {Brox, T. and Malik, J.},
  Date-Added = {2013-10-16 17:50:16 +0000},
  Date-Modified = {2013-10-16 17:50:16 +0000},
  Journal = {IEEE Transaction on Pattern Analysis and Machine Intelligence},
  Pages = {500-513},
  Title = {Large displacement optical flow: descriptor matching in variational motion estimation},
  Volume = {33},
  Year = {2011}}

@inproceedings{Brox:2010:OSL,
  Acmid = {1888173},
  author = {Brox, T. and Malik, J.},
  Booktitle = ECCV,
  Isbn = {3-642-15554-5, 978-3-642-15554-3},
  Location = {Heraklion, Crete, Greece},
  Numpages = {14},
  Owner = {dqsun},
  Timestamp = {2011.06.02},
  Title = {Object segmentation by long term analysis of point trajectories},
  Url = {http://portal.acm.org/citation.cfm?id=1888150.1888173},
  Year = {2010},
  Bdsk-Url-1 = {http://portal.acm.org/citation.cfm?id=1888150.1888173}}

@article{Bruhn:2005:CLG,
  author = {Bruhn, A. and Weickert, J. and Schn{\"o}rr, C.},
  Bibsource = {http://www.visionbib.com/bibliography/optic-f740.html#TT55275},
  Journal = IJCV,
  Month = feb,
  Number = {3},
  Owner = {dqsun},
  Pages = {211--231},
  Timestamp = {2009.10.11},
  Title = {Lucas/{K}anade meets {H}orn/{S}chunck: combining local and global optic flow methods},
  Volume = {61},
  Year = {2005}}

@article{Burt:1982:LCM,
  author = {P.~J.~Burt,  and C.~Yen,  and X.~Xu, },
  Date-Added = {2012-10-03 20:49:07 -0400},
  Date-Modified = {2012-10-03 20:49:07 -0400},
  Journal = {PRIP},
  Owner = {dqsun},
  Pages = {269--274},
  Timestamp = {2012.05.18},
  Title = {Local correlation measures for motion analysis: A comparative study},
  Year = {1982}}

@inproceedings{Butler:2012:Sintel,
  author = {Butler, D. and Wulff, J. and Stanley, G. and Black, M.},
  Booktitle = {European Conf. on Computer Vision (ECCV)},
  Editor = {{A. Fitzgibbon et al. (Eds.)}},
  Month = oct,
  Owner = {dqsun},
  Pages = {611--625},
  Publisher = {Springer-Verlag},
  Series = {Part IV, LNCS 7577},
  Timestamp = {2012.09.10},
  Title = {A naturalistic open source movie for optical flow evaluation},
  Year = {2012}}

@inproceedings{Butler:ECCV:2012,
  author = {Butler, D. and Wulff, J. and Stanley, G. and Black, M.},
  Booktitle = {European Conf. on Computer Vision (ECCV)},
  Pages = {611--625},
  Publisher = {Springer-Verlag},
  Series = {Part IV, LNCS 7577},
  Title = {A naturalistic open source movie for optical flow evaluation},
  Year = {2012}}

@article{Candes:2011:RPCA,
  author = {Cand\`{e}s, E. and Li, X. and Ma, Y. and Wright, J.},
  Journal = {Journal of the ACM},
  Month = jun,
  Number = {3},
  Pages = {11:1--11:37},
  Title = {Robust principal component analysis?},
  Volume = {58},
  Year = {2011}}

@inproceedings{chai2000plenoptic,
  author = {Chai, J. and Tong, X. and Chan, S. and Shum, H.},
  Booktitle = {Proceedings of SIGGRAPH 2000, Annual Conference Series},
  Date-Added = {2012-10-03 23:12:58 -0400},
  Date-Modified = {2012-10-03 23:14:21 -0400},
  Pages = {307--318},
  Title = {Plenoptic sampling},
  Year = {2000}}

@inproceedings{chakrabarti2012depth,
  author = {Chakrabarti, A. and Zickler, T.},
  Booktitle = {Proc.~European Conference on Computer Vision (ECCV)},
  Date-Added = {2012-09-26 00:57:50 -0400},
  Date-Modified = {2012-09-26 00:58:30 -0400},
  Title = {Depth and Deblurring from a Spectrally-varying Depth-of-Field},
  Year = {2012}}

@inproceedings{chakrabarti2011statistics,
  author = {Chakrabarti, A. and Zickler, T.},
  Booktitle = {Proc.~IEEE Conference on Computer Vision and Pattern Recognition (CVPR)},
  Date-Added = {2012-09-26 00:55:40 -0400},
  Date-Modified = {2012-09-26 00:56:01 -0400},
  Title = {Statistics of real-world hyperspectral images},
  Year = {2011}}

@inproceedings{chakrabarti2010asvb,
  author = {Chakrabarti, A. and Zickler, T. and Freeman, W.},
  Booktitle = {Proc.~IEEE Conference on Computer Vision and Pattern Recognition (CVPR)},
  Title = {Analyzing Spatially-varying Blur},
  Year = {2010}}

@inproceedings{chan2012towards,
  author = {Chan, T. and Jia, K. and Wycoff, E. and Ma, C.C.n.Y.},
  Booktitle = {Proc.~European Conference on Computer Vision},
  Date-Added = {2012-09-26 00:37:02 -0400},
  Date-Modified = {2012-09-26 00:38:46 -0400},
  Title = {Towards Optimal Design of Time and Color Multiplexing Codes}}

@inproceedings{Chen:2012:SNS,
  author = {Chen, Z. and Wu, Y. and Wang, J.},
  Booktitle = {CVPR},
  Owner = {dqsun},
  Pages = {1176-1183},
  Timestamp = {2012.08.21},
  Title = {Decomposing and Regularizing Sparse/Non-sparse Components for Motion Field Estimation},
  Year = {2012}}

@inproceedings{Cheng2007Generation,
  author = {Cheng, X. and Sun, L. and Yang, S.},
  Booktitle = {Image Processing, 2007. ICIP 2007. IEEE International Conference on},
  Date-Added = {2013-10-03 14:01:37 +0000},
  Date-Modified = {2013-10-03 14:01:42 +0000},
  Title = {{Generation of Layered Depth Images from Multi-View Video}},
  Year = {2007}}

@inproceedings{Chiu:2013:VCS,
  author = {Chiu, W. and Fritz, M.},
  Booktitle = CVPR,
  Journal = {The IEEE Conference on Computer Vision and Pattern Recognition (CVPR)},
  Month = {June},
  Owner = {dqsun},
  Timestamp = {2013.10.17},
  Title = {Multi-class Video Co-segmentation with a Generative Multi-video Model},
  Year = {2013}}

@article{cho_siggraph2012,
  author = {Cho, S. and Wang, J. and Lee, S.},
  Journal = {ACM Transactions on Graphics},
  Number = {4},
  Owner = {dqsun},
  Pages = {64:1--64:9},
  Timestamp = {2012.08.07},
  Title = {Vdeo Deblurring for Hand-held Cameras Using Patch-based Synthesis},
  Volume = {31},
  Year = {2012}}

@inproceedings{Choi:recogtrack,
  author = {Choi, W. and Savarese., S.},
  Booktitle = {European Conference on Computer Vision},
  Date-Added = {2013-10-16 17:50:16 +0000},
  Date-Modified = {2013-10-16 17:50:16 +0000},
  Pages = {215-230},
  Title = {A Unified Framework for Multi-Target Tracking and Collective Activity Recognition},
  Volume = {4},
  Year = {2012}}

@article{Comaniciu:2002:MS,
  author = {Comaniciu, D. and Meer, P.},
  File = {Denoise\\ComaniciuM2002.pdf:Denoise\\ComaniciuM2002.pdf:PDF},
  Journal = PAMI,
  Month = {May},
  Number = {5},
  Owner = {dqsun},
  Pages = {603-619},
  Timestamp = {2007.05.16},
  Title = {Mean shift: a robust approach toward feature space analysis},
  Volume = {24},
  Year = {2002}}

@article{Cremers:2005:MC,
  author = {Cremers, D. and Soatto, S.},
  Bibsource = {http://www.visionbib.com/bibliography/motion-i759.html#TT70813},
  Journal = IJCV,
  Month = {May},
  Number = {3},
  Owner = {dqsun},
  Pages = {249-265},
  Timestamp = {2010.03.14},
  Title = {Motion Competition: A Variational Approach to Piecewise Parametric Motion Segmentation},
  Volume = {62},
  Year = {2005}}

@inproceedings{dalal05,
  author = {Dalal, N. and Triggs, B.},
  Booktitle = {CVPR},
  Pages = {886--893},
  Title = {Histograms of Oriented Gradients for Human Detection},
  Volume = {1},
  Year = {2005}}

@inproceedings{Dale2009Image,
  author = {Dale, K. and Johnson, M.K. and Sunkavalli, K. and Matusik, W. and Pfister, H.},
  Booktitle = {IEEE International Conference on Computer Vision (ICCV)},
  Date-Added = {2012-10-04 16:58:28 +0000},
  Date-Modified = {2012-10-08 21:51:28 +0000},
  Month = {09/29/2009},
  Title = {Image Restoration using Online Photo Collections},
  Year = {2009}}

@inproceedings{Dale2012Multi-Video,
  author = {Dale, K. and Shechtman, E. and Avidan, S. and Pfister, H.},
  Booktitle = {CVPR Workshop on Large-Scale Video Search and Mining (LSVSM'12),},
  Date-Added = {2012-10-04 16:53:31 +0000},
  Date-Modified = {2012-10-04 16:53:59 +0000},
  Month = {21/06/2012},
  Title = {Multi-Video Browsing and Summarization},
  Year = {2012}}

@article{Dale:2011:FR,
  author = {Dale, K. and Sunkavalli, K. and Johnson, M.K. and Vlasic, D. and Matusik, W. and Pfister, H.},
  Date-Modified = {2012-10-08 21:51:56 +0000},
  Journal = {{ACM} Transactions on Graphics (Proc. {SIGGRAPH} Asia)},
  Number = {6},
  Owner = {dqsun},
  Timestamp = {2012.08.20},
  Title = {Video Face Replacement},
  Volume = {30},
  Year = {2011}}

@techreport{Darrell:1995:SO,
  author = {Darrell, T. and Fleet, D.},
  Institution = {MIT},
  Title = {Second-Order Method for Occlusion Relationships in Motion Layers},
  Year = {1995}}

@article{Darrell:1995:CR,
  author = {Darrell, T. and Pentland, A.},
  Journal = pami,
  Number = {5},
  Pages = {474--487},
  Title = {Cooperative Robust Estimation using Layers of Support},
  Volume = {17},
  Year = {1995}}

@inproceedings{Darrell:1991:REMLM,
  author = {Darrell, T. and Pentland, A.},
  Bibsource = {http://www.visionbib.com/bibliography/optic-f746.html#TT69871},
  Booktitle = {Workshop on Visual Motion},
  Owner = {dqsun},
  Pages = {173-178},
  Timestamp = {2010.03.14},
  Title = {Robust Estimation of a Multi-Layered Motion Representation},
  Year = {1991}}

@article{Debevec1996Modeling,
  author = {Debevec, P. and Taylor, C. and Malik, J.},
  Date-Added = {2013-10-03 14:22:15 +0000},
  Date-Modified = {2013-10-03 14:22:22 +0000},
  Journal = {{\ldots} of the 23rd annual conference on {\ldots}},
  Title = {{Modeling and rendering architecture from photographs: A hybrid geometry-and image-based approach}},
  Year = {1996}}

@article{Decoret:2003:BBC,
  Address = {New York, NY, USA},
  Attachments = {http://graphics.cs.yale.edu/site/sites/files/bc03_0.pdf},
  author = {Decoret, X. and Durand, F. and Sillion, F.c.X. and Dorsey, J.},
  Doi = {10.1145/882262.882326},
  Journal = SIGGRAPH,
  Month = {07/2003},
  Owner = {dqsun},
  Pages = {689-696},
  Publisher = {ACM},
  Timestamp = {2013.09.26},
  Title = {Billboard Clouds for Extreme Model Simplification},
  Url = {http://doi.acm.org/10.1145/882262.882326},
  Volume = {22},
  Year = {2003},
  Bdsk-Url-1 = {http://doi.acm.org/10.1145/882262.882326},
  Bdsk-Url-2 = {http://dx.doi.org/10.1145/882262.882326}}

@article{Dempster:1977:EM,
  author = {Dempster, A. and Laird, N. and Rubin, D.},
  File = {image_model\\DempsterLR1977.pdf:image_model\\DempsterLR1977.pdf:PDF},
  Journal = {Journal of the Royal Statistical Society. Series B},
  Keywords = {EM; ML;},
  Owner = {dqsun},
  Pages = {1-38},
  Timestamp = {2006.10.25},
  Title = {Maximum Likelihood from Incomplete Data via the EM Algorithm},
  Volume = {39},
  Year = {1977}}

@inproceedings{Dollar:STIP,
  author = {Dollar, P. and Rabaud, V. and Cottrell, G. and Belongie, S.},
  Booktitle = {IEEE International Workshop on Visual Surveillance and Performance Evaluation of Tracking and Surveillance},
  Date-Added = {2013-10-16 17:50:16 +0000},
  Date-Modified = {2013-10-16 17:50:16 +0000},
  Pages = {65-72},
  Title = {Behavior recognition via sparse spatiotemporal features},
  Year = {2005}}

@inproceedings{DBDLSV07,
  author = {Drettakis, G. and Bonneel, N. and Dachsbacher, C. and Lefebvre, S. and Schwarz, M. and Viaud-Delmon, I.},
  Booktitle = {Rendering Techniques (Proceedings of the Eurographics Symposium on Rendering)},
  Location = {Grenoble, France},
  Month = {June},
  Organization = {Eurographics},
  Pages = {297--308},
  Title = {An Interactive Perceptual Rendering Pipeline using Contrast and Spatial Masking},
  Year = {2007}}

@inproceedings{Dupont:2006:RSHL,
  author = {Dupont, R. and Juan, O. and Keriven, R.},
  Bibsource = {http://www.visionbib.com/bibliography/motion-i761.html#TT72174},
  Booktitle = {ICPR},
  Pages = {III: 75-78},
  Title = {Robust Segmentation of Hidden Layers in Video Sequences},
  Year = {2006}}

@inproceedings{EfrosBMM03,
  author = {Efros, A. and Berg, A. and Mori, G. and Malik, J.},
  Booktitle = {International Conference on Computer Vision},
  Date-Added = {2013-10-16 17:50:16 +0000},
  Date-Modified = {2013-10-16 17:50:16 +0000},
  Pages = {726-733},
  Title = {Recognizing Action at a Distance},
  Year = {2003}}

@article{Everingham10,
  author = {Everingham, M. and Van~Gool, L. and Williams, C. and Winn, J. and Zisserman, A.},
  Journal = {International Journal of Computer Vision},
  Month = jun,
  Number = {2},
  Pages = {303--338},
  Title = {The Pascal Visual Object Classes (VOC) Challenge},
  Volume = {88},
  Year = {2010}}

@techreport{Everitt2001Interactive,
  Date-Added = {2013-10-09 17:31:22 +0000},
  Date-Modified = {2013-10-09 17:31:46 +0000},
  Institution = {Nvidia},
  Journal = {White paper},
  Title = {{Interactive order-independent transparency}},
  Year = {2001}}

@article{Feldman:2008:OD,
  author = {Feldman, D. and Weinshall, D.},
  Bibsource = {DBLP, http://dblp.uni-trier.de},
  Ee = {http://doi.ieeecomputersociety.org/10.1109/TPAMI.2007.70766},
  Journal = PAMI,
  Month = {July},
  Number = {7},
  Pages = {1171-1185},
  Title = {Motion Segmentation and Depth Ordering Using an Occlusion Detector},
  Volume = {30},
  Year = {2008}}

@article{felzenszwalb2010object,
  author = {Felzenszwalb, P. and Girshick, R. and McAllester, D. and Ramanan, D.},
  Journal = {Pattern Analysis and Machine Intelligence, IEEE Transactions on},
  Number = {9},
  Pages = {1627--1645},
  Title = {Object detection with discriminatively trained part-based models},
  Volume = {32},
  Year = {2010}}

@techreport{fergus2006random,
  author = {Fergus, R. and Torralba, A. and Freeman, W.},
  Date-Added = {2012-10-07 03:48:36 -0400},
  Date-Modified = {2012-10-07 03:48:54 -0400},
  Institution = {Massachusetts Institute of Technology},
  Number = {MIT CSAIL TR 2006-058},
  Title = {Random Lens Imaging},
  Year = {2006}}

@article{fernandez02,
  author = {Fern{\'a}ndez, C. and Green, P.},
  Journal = {JRSS B},
  Number = {4},
  Pages = {805--826},
  Title = {Modelling Spatially Correlated Data Via Mixtures: A {B}ayesian Approach},
  Volume = {64},
  Year = {2002}}

@inproceedings{figueiredo05b,
  Booktitle = {CVPR Workshop on Energy Minimization Methods in Computer Vision and Pattern Recognition},
  Title = {Bayesian Image Segmentation Using {G}aussian Field Priors},
  Year = {2005}}

@inproceedings{Fleet:2002:BIVMB,
  author = {Fleet, D.J. and Black, M.J. and Nestares, O.},
  Booktitle = {Exploring Artificial Intelligence in the New Millennium, 2002},
  Pages = {139--174},
  Publisher = {Morgan Kaufmann Pub.},
  Title = {Bayesian Inference of Visual Motion Boundaries}}

@article{fox2011sticky,
  author = {Fox, E. and Sudderth, E. and Jordan, M. and Willsky, A.},
  Journal = {The Annals of Applied Statistics},
  Number = {2A},
  Pages = {1020--1056},
  Publisher = {Institute of Mathematical Statistics},
  Title = {A sticky {HDP-HMM} with application to speaker diarization},
  Volume = {5},
  Year = {2011}}

@article{Fransens:2007:OFSR,
  author = {Fransens, R. and Strecha, C. and Gool}, L.J.{.},
  Bibsource = {DBLP, http://dblp.uni-trier.de},
  Ee = {http://dx.doi.org/10.1016/j.cviu.2005.09.011},
  Journal = {CVIU},
  Owner = {t-desun},
  Pages = {106-115},
  Timestamp = {2010.11.04},
  Title = {Optical flow based super-resolution: A probabilistic approach},
  Volume = {106},
  Year = {2007}}

@article{frey05,
  author = {Frey, B. and Jojic, N.},
  Journal = {PAMI},
  Month = sep,
  Number = {9},
  Pages = {1392--1416},
  Title = {A Comparison of Algorithms for Inference and Learning in Probabilistic Graphical Models},
  Volume = {27},
  Year = {2005}}

@article{Gai:2009:RV,
  author = {Gai, J. and Kang, S.B.},
  Bibsource = {DBLP, http://dblp.uni-trier.de},
  Ee = {http://dx.doi.org/10.1109/TIP.2009.2025804},
  Journal = {IEEE Transactions on Image Processing},
  Number = {10},
  Owner = {dqsun},
  Pages = {2185-2197},
  Timestamp = {2012.10.02},
  Title = {Matte-Based Restoration of Vintage Video},
  Volume = {18},
  Year = {2009}}

@inproceedings{Geiger:2012:KITTI,
  author = {Geiger, A. and Lenz, P. and Urtasun, R.},
  Booktitle = CVPR,
  Owner = {dqsun},
  Timestamp = {2013.10.07},
  Title = {Are we ready for Autonomous Driving? The KITTI Vision Benchmark Suite},
  Year = {2012}}

@article{gelman2012multiview,
  author = {Gelman, A. and Dragotti, P. and Velisavljevic, V.},
  Date-Added = {2012-10-03 23:06:30 -0400},
  Date-Modified = {2012-10-03 23:06:51 -0400},
  Journal = {IEEE Transactions on Image Processing},
  Number = {9},
  Pages = {4092--4105},
  Title = {Multiview image coding using depth layers and an optimized bit allocation},
  Volume = {21},
  Year = {2012}}

@article{Germann2010Articulated,
  author = {Germann, M. and Hornung, A. and Keiser, R. and Ziegler, R. and W{\"u}rmlin, S. and Gross, M.},
  Date-Added = {2013-10-03 13:37:55 +0000},
  Date-Modified = {2013-10-03 13:38:06 +0000},
  Journal = {Computer Graphics Forum},
  Month = jun,
  Number = {2},
  Pages = {585--594},
  Title = {{Articulated Billboards for Video-based Rendering}},
  Volume = {29},
  Year = {2010}}

@inproceedings{ghosh2012nonparametric,
  author = {Ghosh, S. and Sudderth, E.},
  Booktitle = {CVPR},
  Pages = {2272--2279},
  Title = {Nonparametric learning for layered segmentation of natural images},
  Year = {2012}}

@inproceedings{ghosh2012deformations,
  author = {Ghosh, S. and Sudderth, E. and Loper, M. and Black, M.},
  Booktitle = {Advances in Neural Information Processing Systems 25},
  Pages = {2006--2014},
  Title = {From Deformations to Parts: Motion-based Segmentation of 3D Objects},
  Year = {2012}}

@inproceedings{ghosh2011spatial,
  author = {Ghosh, S. and Ungureanu, A. and Sudderth, E. and Blei, D.},
  Booktitle = {Neural Information Processing Systems},
  Title = {Spatial distance dependent Chinese restaurant processes for image segmentation},
  Year = {2011}}

@inproceedings{Glocker:2010:TOF,
  author = {Glocker, B. and Heibel, T.H. and Navab, N. and Kohli, P. and Rother, C.},
  Booktitle = ECCV,
  Isbn = {978-3-642-15557-4},
  Location = {Heidelberg},
  Owner = {dqsun},
  Pages = {272--285},
  Timestamp = {2010.10.06},
  Title = {TriangleFlow: Optical Flow with Triangulation-Based Higher-Order Likelihoods},
  Year = {2010}}

@inproceedings{Glocker:2008:OFDM,
  author = {Glocker, B. and Paragios, N. and Komodakis, N. and Tziritas, G. and Navab, N.},
  Journal = {IEEE Computer Society Conference on Computer Vision and Pattern Recognition},
  Owner = {dqsun},
  Timestamp = {2011.02.19},
  Title = {Optical Flow Estimation with Uncertainties through Dynamic {MRF}s},
  Year = {2008}}

@inproceedings{Goldluecke2003Real,
  author = {Goldluecke, B. and Magnor, M.},
  Booktitle = {International Conference on Image Processing (ICIP)},
  Date-Added = {2013-10-03 14:54:20 +0000},
  Date-Modified = {2013-10-03 14:55:36 +0000},
  Title = {{Real-time microfacet billboarding for free-viewpoint video rendering}},
  Year = {2003}}

@inproceedings{Gong:act,
  author = {Gong, S. and Xiang, T.},
  Booktitle = {International Conference on Computer Vision},
  Date-Added = {2013-10-16 17:50:16 +0000},
  Date-Modified = {2013-10-16 17:50:16 +0000},
  Pages = {742 - 749},
  Title = {Recognition of Group Activities using Dynamic Probabilistic Networks},
  Year = {2003}}

@article{Weizmann,
  author = {Gorelick, L. and Blank, M. and Shechtman, E. and Irani, M. and Basri, R.},
  Date-Added = {2013-10-16 17:50:41 +0000},
  Date-Modified = {2013-10-16 17:50:41 +0000},
  Journal = {IEEE Transactions on Pattern Analysis and Machine Intelligence},
  Pages = {2247-2253},
  Title = {Actions as Space-Time Shapes},
  Volume = {29},
  Year = {2007}}

@inproceedings{Gortler:1996,
  Acmid = {237200},
  Address = {New York, NY, USA},
  author = {Gortler, S. and Grzeszczuk, R. and Szeliski, R. and Cohen, M.},
  Booktitle = {Proceedings of the 23rd annual conference on Computer graphics and interactive techniques},
  Doi = {10.1145/237170.237200},
  Numpages = {12},
  Pages = {43--54},
  Publisher = {ACM},
  Series = {SIGGRAPH '96},
  Title = {The lumigraph},
  Url = {http://doi.acm.org/10.1145/237170.237200},
  Year = {1996},
  Bdsk-Url-1 = {http://doi.acm.org/10.1145/237170.237200},
  Bdsk-Url-2 = {http://dx.doi.org/10.1145/237170.237200}}

@inproceedings{GouldICCV09,
  author = {Gould, S. and Fulton, R. and Koller, D.},
  Booktitle = {Proceedings of the International Conference on Computer Vision (ICCV)},
  Title = {Decomposing a Scene into Geometric and Semantically Consistent Regions},
  Year = {2009}}

@techreport{griffiths05b,
  author = {Griffiths, T. and Ghahramani, Z.},
  Institution = {Gatsby Computational Neuroscience Unit},
  Month = {may},
  Number = {2005-001},
  Title = {Infinite Latent Feature Models and the {I}ndian Buffet Process},
  Year = {2005}}

@article{gruev2010ccd,
  author = {Gruev, V. and Perkins, R. and York, T.},
  Date-Added = {2012-09-26 00:43:03 -0400},
  Date-Modified = {2012-09-26 00:43:03 -0400},
  Journal = {Optics express},
  Number = {18},
  Pages = {19087--19094},
  Publisher = {Optical Society of America},
  Title = {CCD polarization imaging sensor with aluminum nanowire optical filters},
  Volume = {18},
  Year = {2010}}

@article{Grundmann:2010:HGS,
  author = {Grundmann, M. and Kwatra, V. and Han, M. and Essa, I.},
  Journal = CVPR,
  Pages = {2141-2148},
  Title = {Efficient Hierarchical Graph-Based Video Segmentation},
  Year = {2010}}

@article{Grundmann2010,
  author = {Grundmann, M. and Kwatra, V. and Han, M. and Essa, I.},
  Journal = CVPR,
  Pages = {2141-2148},
  Title = {Efficient Hierarchical Graph-Based Video Segmentation},
  Year = {2010}}

@article{CAVE_0298,
  author = {Gu, J. and Ramamoorthi, R. and Belhumeur, P. and Nayar, S.},
  Journal = {ACM Transactions on Graphics (Proceedings of SIGGRAPH Asia)},
  Month = {Dec},
  Title = {{R}emoving {I}mage {A}rtifacts {D}ue to {D}irty {C}amera {L}enses and {T}hin {O}ccluders},
  Year = {2009}}

@inproceedings{gu2010filterbank,
  author = {Gu, J. and Wolfe, P. and Hirakawa, K.},
  Booktitle = {Proc IEEE International Conference on Image Processing (ICIP)},
  Date-Added = {2012-10-07 03:44:21 -0400},
  Date-Modified = {2012-10-07 03:44:43 -0400},
  Title = {Filterbank-based universal demosaicking},
  Year = {2010}}

@article{Guillemaut2009Robust,
  author = {Guillemaut, J. and Kilner, J. and Hilton, A.},
  Date-Added = {2013-10-03 14:23:23 +0000},
  Date-Modified = {2013-10-03 14:23:38 +0000},
  Journal = {Computer Vision},
  Title = {{Robust graph-cut scene segmentation and reconstruction for free-viewpoint video of complex dynamic scenes}},
  Year = {2009}}

@article{gunturk2002color,
  author = {Gunturk, B. and Altunbasak, Y. and Mersereau, R.},
  Date-Added = {2012-10-07 03:42:39 -0400},
  Date-Modified = {2012-10-07 03:42:51 -0400},
  Journal = {IEEE Transactions on Image Processing},
  Number = {9},
  Pages = {997--1013},
  Publisher = {IEEE},
  Title = {Color plane interpolation using alternating projections},
  Volume = {11},
  Year = {2002}}

@article{Gunturk:2004:SR,
  author = {Gunturk, B.K. and Altunbasak, Y. and Mersereau, R.M.},
  Bibsource = {DBLP, http://dblp.uni-trier.de},
  Ee = {http://dx.doi.org/10.1109/TIP.2003.819221},
  Journal = {IEEE Transactions on Image Processing},
  Number = {1},
  Owner = {dqsun},
  Pages = {33-43},
  Timestamp = {2012.10.02},
  Title = {Super-resolution reconstruction of compressed video using transform-domain statistics},
  Volume = {13},
  Year = {2004}}

@article{Hakeem:act,
  author = {Hakeem, A. and Shah, M.},
  Date-Added = {2013-10-16 17:50:16 +0000},
  Date-Modified = {2013-10-16 17:50:16 +0000},
  Journal = {Artificial Intelligence},
  Pages = {586 - 605},
  Title = {Learning, detection and representation of multi-agent events in videos},
  Volume = {171},
  Year = {2007}}

@article{Hammer:1984:QPBO,
  author = {Hammer, P.L. and Hansen, P. and Simeone., B.},
  Journal = {Mathematical Programming},
  Owner = {dqsun},
  Pages = {121-155},
  Timestamp = {2011.06.02},
  Title = {Roof duality, complementation and persistency in quadratic 0-1 optimization.},
  Volume = {28},
  Year = {1984}}

@inproceedings{hasinoff2006confocal,
  author = {Hasinoff, S. and Kutulakos, K.},
  Booktitle = {Proc.~European Conference on Computer Vision (ECCV)},
  Date-Added = {2012-10-04 00:56:01 -0400},
  Date-Modified = {2012-10-04 00:56:22 -0400},
  Title = {Confocal stereo},
  Year = {2006}}

@inproceedings{Hayashi2006Synthesizing,
  author = {Hayashi, K. and Saito, H.},
  Booktitle = {International Conference on Computer Graphics, Imaging and Visualisation},
  Date-Added = {2013-10-03 13:30:09 +0000},
  Date-Modified = {2013-10-03 13:30:44 +0000},
  Pages = {220--225},
  Title = {{Synthesizing Free-Viewpoing Images from Multiple View Videos in Soccer Stadium}},
  Year = {2006}}

@article{hirakawa2005adaptive,
  author = {Hirakawa, K. and Parks, T.},
  Date-Added = {2012-10-07 03:43:32 -0400},
  Date-Modified = {2012-10-07 03:43:45 -0400},
  Journal = {IEEE Transactions on Image Processing},
  Number = {3},
  Pages = {360--369},
  Publisher = {IEEE},
  Title = {Adaptive homogeneity-directed demosaicing algorithm},
  Volume = {14},
  Year = {2005}}

@article{hirakawa2008spatio,
  author = {Hirakawa, K. and Wolfe, P.},
  Date-Added = {2012-10-07 03:45:57 -0400},
  Date-Modified = {2012-10-07 03:46:08 -0400},
  Journal = {IEEE Transactions on Image Processing},
  Number = {10},
  Pages = {1876--1890},
  Publisher = {IEEE},
  Title = {Spatio-spectral color filter array design for optimal image recovery},
  Volume = {17},
  Year = {2008}}

@inproceedings{hitomi2011video,
  author = {Hitomi, Y. and Gu, J. and Gupta, M. and Mitsunaga, T. and Nayar, S.},
  Booktitle = {Proc.~IEEE International Conference on Computer Vision (ICCV)},
  Date-Added = {2012-09-26 00:49:31 -0400},
  Date-Modified = {2012-09-26 00:49:57 -0400},
  Title = {Video from a single coded exposure photograph using a learned over-complete dictionary},
  Year = {2011}}

@inproceedings{hoiem2008closing,
  author = {Hoiem, D. and Efros, A. and Hebert, M.},
  Booktitle = {Computer Vision and Pattern Recognition, 2008. CVPR 2008. IEEE Conference on},
  Organization = {IEEE},
  Pages = {1--8},
  Title = {Closing the loop in scene interpretation},
  Year = {2008}}

@article{hoiem2008putting,
  author = {Hoiem, D. and Efros, A. and Hebert, M.},
  Journal = {International Journal of Computer Vision},
  Number = {1},
  Pages = {3--15},
  Publisher = {Springer},
  Title = {Putting objects in perspective},
  Volume = {80},
  Year = {2008}}

@article{hoiem2007recovering,
  author = {Hoiem, D. and Efros, A. and Hebert, M.},
  Journal = {International Journal of Computer Vision},
  Number = {1},
  Pages = {151--172},
  Publisher = {Springer},
  Title = {Recovering surface layout from an image},
  Volume = {75},
  Year = {2007}}

@inproceedings{Hongeng:act,
  author = {Hongeng, S. and Nevatia, R.},
  Booktitle = {International Conference on Computer Vision},
  Date-Added = {2013-10-16 17:50:16 +0000},
  Date-Modified = {2013-10-16 17:50:16 +0000},
  Pages = {84 - 91},
  Title = {Multi-agent Event Recognition},
  Year = {2001}}

@article{Horn:1981:DO,
  author = {Horn, B. and Schunck, B.},
  File = {:http\://people.csail.mit.edu/bkph/papers/Optical_Flow_OPT.pdf:PDF},
  Journal = {Artificial Intelligence},
  Month = {Aug.},
  Owner = {dqsun},
  Pages = {185-203},
  Timestamp = {2007.05.23},
  Title = {Determining Optical Flow},
  Volume = {16},
  Year = {1981}}

@article{Horn1981,
  author = {Horn, B. and Schunck, B.},
  File = {:http\://people.csail.mit.edu/bkph/papers/Optical_Flow_OPT.pdf:PDF},
  Journal = {Artificial Intelligence},
  Month = aug,
  Number = {1-3},
  Owner = {dqsun},
  Pages = {185--203},
  Review = {Horn and Schunck \cite{Horn:1981:DO} introduced both the brightness constancy and the spatial smoothness constraints for optical flow estimation, however their quadratic formulation assumes Gaussian statistics and is not robust to outliers caused by reflection, occlusion, motion boundaries etc.},
  Timestamp = {2007.05.23},
  Title = {Determining Optical Flow},
  Volume = {16},
  Year = {1981}}

@inproceedings{Hsu:1994:ICPR,
  author = {Hsu, S. and Anandan, P. and Peleg, S.},
  Bibsource = {http://www.visionbib.com/bibliography/optic-f746.html#TT83084},
  Booktitle = ICPR,
  Owner = {deqing},
  Pages = {A:743-746},
  Timestamp = {2012.04.24},
  Title = {Accurate Computation of Optical Flow by Using Layered Motion Representations},
  Year = {1994}}

@inproceedings{hughes2012nonparametric,
  author = {Hughes, M. and Sudderth, E.},
  Booktitle = {Computer Vision and Pattern Recognition Workshops (CVPRW), 2012 IEEE Computer Society Conference on},
  Organization = {IEEE},
  Pages = {25--32},
  Title = {Nonparametric discovery of activity patterns from video collections},
  Year = {2012}}

@inproceedings{Humayun:2011:LFO,
  author = {Humayun, A. and Mac Aodha, O. and Brostow, G.},
  Booktitle = CVPR,
  Title = {{Learning to Find Occlusion Regions}},
  Year = {2011}}

@inproceedings{Ihrke:10,
  author = {Ihrke, I. and Wetzstein, G. and Heidrich, W.},
  Booktitle = {IEEE Conference on Computer Vision and Pattern Recognition (CVPR)},
  Month = {Jun},
  Note = {oral},
  Title = {{A Theory of Plenoptic Multiplexing}},
  Year = {2010}}

@inproceedings{ihrke2010theory,
  author = {Ihrke, I. and Wetzstein, G. and Heidrich, W.},
  Booktitle = {Proc.~IEEE Conference on Computer Vision and Pattern Recognition (CVPR)},
  Date-Added = {2012-10-04 01:51:06 -0400},
  Date-Modified = {2012-10-04 01:51:25 -0400},
  Title = {A theory of plenoptic multiplexing},
  Year = {2010}}

@article{Ince:2008:OAOFE,
  author = {Ince, S. and Konrad, J.},
  Bibsource = {http://www.visionbib.com/bibliography/optic-f739.html#TT69322},
  Journal = TIP,
  Month = {August},
  Number = {8},
  Owner = {dqsun},
  Pages = {1443-1451},
  Timestamp = {2010.03.14},
  Title = {Occlusion-Aware Optical Flow Estimation},
  Volume = {17},
  Year = {2008}}

@article{Intille:act,
  author = {Intille, S. and Bobick, A.},
  Date-Added = {2013-10-16 17:50:16 +0000},
  Date-Modified = {2013-10-16 17:50:16 +0000},
  Journal = {Computer Vision and Image Understanding},
  Pages = {414 - 445},
  Title = {Recognizing Planned, Multiperson Action},
  Volume = {81},
  Year = {2001}}

@inproceedings{irani:1998:ECCV,
  author = {Irani, M. and Anandan, P. and Weinshall, D.},
  Booktitle = ECCV,
  Title = {From Reference Frames to Reference Planes: Multi-View Parallax Geometry and Applications},
  Year = {1998}}

@inproceedings{isaksen2000dynamically,
  author = {Isaksen, A. and McMillan, L. and Gortler, S.},
  Booktitle = {Proceedings of SIGGRAPH 2000, Annual Conference Series},
  Date-Added = {2012-10-05 14:13:52 -0400},
  Date-Modified = {2012-10-05 14:14:34 -0400},
  Organization = {ACM Press/Addison-Wesley Publishing Co.},
  Pages = {297--306},
  Title = {Dynamically reparameterized light fields},
  Year = {2000}}

@article{Jain:2010:MR,
  author = {Jain, A. and Thorm\"{a}hlen, T. and Seidel, H. and Theobalt, C.},
  Journal = {ACM Trans. Graph. (Proc. SIGGRAPH Asia 2010)},
  Number = {5},
  Owner = {dqsun},
  Timestamp = {2012.08.21},
  Title = {MovieReshape: Tracking and Reshaping of Humans in Videos},
  Volume = {29},
  Year = {2010}}

@inproceedings{Jeong2011Display-aware,
  author = {Jeong, W. and Johnson, M. and Yu, I. and Kautz, J. and Pfister, H. and Paris, S.},
  Booktitle = {International Conference on Computational Photography (ICCP)},
  Date-Added = {2012-10-04 16:55:25 +0000},
  Date-Modified = {2012-10-04 16:56:03 +0000},
  Month = {2011},
  Title = {Display-aware Image Editing},
  Year = {2011}}

@conference{Jepson:1993:MMOF,
  author = {Jepson, A. and Black, M.J.},
  Booktitle = CVPR,
  Owner = {dqsun},
  Pages = {760-761},
  Timestamp = {2009.05.04},
  Title = {Mixture models for optical flow computation},
  Year = {1993}}

@conference{Jepson:2002:LM,
  author = {Jepson, A. and Fleet, D. and Black, M.},
  Booktitle = ECCV,
  Owner = {dqsun},
  Pages = {692-706},
  Timestamp = {2011.02.19},
  Title = {A Layered Motion Representation with Occlusion and Compact Spatial Support},
  Volume = {I},
  Year = {2002}}

@inproceedings{Jia:2011:LSM,
  author = {Jia, K. and Wang, X. and Tang, X.},
  Booktitle = ICCV,
  Doi = {10.1109/ICCV.2011.6126522},
  Issn = {1550-5499},
  Owner = {dqsun},
  Pages = {2391--2398},
  Timestamp = {2012.05.21},
  Title = {Optical flow estimation using learned sparse model},
  Year = {2011},
  Bdsk-Url-1 = {http://dx.doi.org/10.1109/ICCV.2011.6126522}}

@inproceedings{Jin:2009:OFAR,
  author = {Jin, X. and Goto, S. and Ngan, K.},
  Booktitle = {Picture Coding Symposium},
  Optmonth = {may},
  Optpages = {1 -4},
  Owner = {dqsun},
  Timestamp = {2012.10.02},
  Title = {Optical flow based {DC} surface compensation for artifacts reduction},
  Year = {2009}}

@inproceedings{Jojic:2001:LFS,
  author = {Jojic, N. and Frey, B.},
  Bibsource = {http://www.visionbib.com/bibliography/describe500.html#TT43608},
  Booktitle = CVPR,
  Owner = {dqsun},
  Pages = {199-206},
  Timestamp = {2010.03.12},
  Title = {Learning Flexible Sprites in Video Layers},
  Volume = {I},
  Year = {2001}}

@article{Joshi2007Exploring,
  author = {Joshi, N. and Matusik, W. and Avidan, S. and Pfister, H. and Freeman, W.},
  Chapter = {43},
  Date-Added = {2012-10-04 18:56:46 +0000},
  Date-Modified = {2012-10-04 18:57:00 +0000},
  Journal = {IEEE Computer Graphics \& Applications, Special Issue on Computational Photography},
  Month = {March-April},
  Pages = {43-52},
  Publisher = {IEEE},
  Title = {Exploring Defocus Matting: Non-Parametric Acceleration, Super-Resolution, and Off-Center Matting},
  Volume = {27},
  Year = {2007}}

@techreport{Jojic:2001:TR,
  author = {Kannan, A. and Frey, B. and Jojic, N.},
  Institution = {University of Toronto},
  Month = aug,
  Number = {TR PSI-2001-11},
  Title = {A generative model of dense optical flow in layers},
  Year = {2001}}

@inproceedings{Karsch:2012:DT,
  author = {Karsch, K. and Liu, C. and Kang, S.B.},
  Booktitle = {ECCV},
  Title = {Depth Extraction from Video Using Non-parametric Sampling},
  Year = {2012}}

@article{Kass:2010:SLHF,
  author = {Kass, M. and Solomon, J.},
  Bibsource = {DBLP, http://dblp.uni-trier.de},
  Ee = {http://doi.acm.org/10.1145/1833351.1778837},
  Journal = {ACM Trans. Graph.},
  Number = {4},
  Title = {Smoothed local histogram filters},
  Volume = {29},
  Year = {2010}}

@inproceedings{kivinen2007image,
  author = {Kivinen, J. and Sudderth, E. and Jordan, M.},
  Booktitle = {Image Processing, 2007. ICIP 2007. IEEE International Conference on},
  Title = {Image denoising with nonparametric hidden Markov trees},
  Volume = {3},
  Year = {2007}}

@inproceedings{kivinen2007learning,
  author = {Kivinen, J. and Sudderth, E. and Jordan, M.},
  Booktitle = {Computer Vision, 2007. ICCV 2007. IEEE 11th International Conference on},
  Organization = {IEEE},
  Pages = {1--8},
  Title = {Learning multiscale representations of natural scenes using Dirichlet processes},
  Year = {2007}}

@book{Koller:2009:PGM,
  author = {Koller, D. and Friedman, N.},
  Publisher = {MIT Press},
  Title = {Probabilistic Graphical Models: Principles and Techniques},
  Year = {2009}}

@article{Kolmogorov:2007:MNS,
  author = {Kolmogorov, V. and Rother, C.},
  Institution = PAMI,
  Journal = PAMI,
  Month = {July},
  Pages = {1274-1279},
  Title = {Minimizing non-submodular functions with graph cuts - a review},
  Volume = {7},
  Year = {2007}}

@inproceedings{Kolmogorov01computingvisual,
  author = {Kolmogorov, V. and Zabih, R.},
  Booktitle = {In International Conference on Computer Vision},
  Pages = {508--515},
  Title = {Computing Visual Correspondence with Occlusions via Graph Cuts},
  Year = {2001}}

@inproceedings{Krahenbuhl2011FCRF,
  author = {Kr\"ahenb\"uhl, P. and Koltun, V.},
  Booktitle = {Advances in Neural Information Processing Systems 24},
  Editor = {J. Shawe-Taylor and R.S. Zemel and P. Bartlett and F.C.N. Pereira and K.Q. Weinberger},
  Owner = {dqsun},
  Pages = {109--117},
  Timestamp = {2012.09.10},
  Title = {Efficient Inference in Fully Connected CRFs with Gaussian Edge Potentials},
  Year = {2011}}

@article{krishnan2011multigrid,
  author = {Krishnan, D. and Szeliski, R.},
  Journal = {ACM Transactions on Graphics (TOG)},
  Number = {6},
  Organization = {ACM},
  Pages = {177},
  Title = {Multigrid and multilevel preconditioners for computational photography},
  Volume = {30},
  Year = {2011}}

@article{Kschischang:2001:FGSP,
  author = {Kschischang, F. and Frey, B. and Loeliger, H.},
  Doi = {10.1109/18.910572},
  Issn = {0018-9448},
  Journal = {IEEE Trans. IT},
  Keywords = {Kalman filters, Viterbi decoding, artificial intelligence, belief networks, digital communication, fast Fourier transforms, functional analysis, graph theory, hidden Markov models, iterative decoding, message passing, signal processing, turbo codesBayesian networks, FFT algorithms, HMM, Kalman filter, Viterbi algorithm, artificial intelligence, belief propagation algorithm, bipartite graph, computational rule, digital communications, factor graphs, factorization, fast Fourier transform, forward/backward algorithm, generic message-passing algorithm, global function, global functions, iterative turbo decoding algorithm, local functions, marginal functions, signal processing, sum-product algorithm},
  Month = {Feb},
  Number = {2},
  Owner = {dqsun},
  Pages = {498-519},
  Timestamp = {2010.02.07},
  Title = {Factor graphs and the sum-product algorithm},
  Volume = {47},
  Year = {2001},
  Bdsk-Url-1 = {http://dx.doi.org/10.1109/18.910572}}

@inproceedings{Daniel:2012:SP,
  author = {Kuettel, D. and Guillaumin, M. and Ferrari, V.},
  Booktitle = ECCV,
  Comment = {oral, <b>best paper award</b>},
  Gsid = {16021431457974496188},
  Month = oct,
  Owner = {dqsun},
  Pdf = {#pubroot#Kuettel2012eccv.pdf},
  Slides = {#pubroot#Kuettel2012eccv_slides.pdf},
  Thumbnail = {#calvinroot#images/kuettel_eccv2012.png},
  Timestamp = {2013.10.17},
  Title = {{Segmentation Propagation in ImageNet}},
  Url = {#webroot#imagenet.html},
  Year = {2012}}

@article{Kumar:2008:LLMSV,
  author = {Kumar, M. and Torr, P. and Zisserman, A.},
  Bibsource = {http://www.visionbib.com/bibliography/motion-i761.html#TT83792},
  Journal = IJCV,
  Month = {March},
  Number = {3},
  Pages = {301-319},
  Title = {Learning Layered Motion Segmentations of Video},
  Volume = {76},
  Year = {2008}}

@inproceedings{kumar-icpr94,
  author = {Kumar, R. and Anandan, P. and Hanna, K.},
  Booktitle = {Proc 12th ICPR},
  Title = {Shape Recovery from Multiple Views: A Parallax Based Approach},
  Year = {1994}}

@article{Lan:Group,
  author = {Lan, T. and Wang, Y. and Yang, W. and Robinovitch, S. and Mori, G.},
  Date-Added = {2013-10-16 17:50:16 +0000},
  Date-Modified = {2013-10-16 17:50:16 +0000},
  Journal = {IEEE Transactions on Pattern Analysis Machine Intelligence},
  Pages = {1549 - 1562},
  Title = {Discriminative Latent Models for Recognizing Contextual Group Activities},
  Volume = {34},
  Year = {2012}}

@article{Lang:2010:NDM,
  author = {Lang, M. and Hornung, A. and Wang, O. and Poulakos, S. and Smolic, A. and Gross, M.H.},
  Bibsource = {DBLP, http://dblp.uni-trier.de},
  Ee = {http://doi.acm.org/10.1145/1833351.1778812},
  Journal = SIGGRAPH,
  Number = {4},
  Owner = {dqsun},
  Timestamp = {2012.10.04},
  Title = {Nonlinear disparity mapping for stereoscopic 3D},
  Volume = {29},
  Year = {2010}}

@article{Lang:2012:PTC,
  Acmid = {2335385},
  Address = {New York, NY, USA},
  Articleno = {34},
  author = {Lang, M. and Wang, O. and Aydin, T. and Smolic, A. and Gross, M.},
  Doi = {http://doi.acm.org/10.1145/2185520.2185530},
  Issn = {0730-0301},
  Issue_Date = {July 2012},
  Journal = {ACM Trans. Graph.},
  Keywords = {filtering, optical flow, regularization, temporal coherence, video},
  Month = jul,
  Number = {4},
  Numpages = {8},
  Pages = {34:1--34:8},
  Publisher = {ACM},
  Title = {Practical temporal consistency for image-based graphics applications},
  Url = {http://doi.acm.org/http://doi.acm.org/10.1145/2185520.2185530},
  Volume = {31},
  Year = {2012},
  Bdsk-Url-1 = {http://doi.acm.org/http://doi.acm.org/10.1145/2185520.2185530},
  Bdsk-Url-2 = {http://doi.acm.org/10.1145/2185520.2185530}}

@article{Laptev:STIP,
  Date-Added = {2013-10-16 17:50:16 +0000},
  Date-Modified = {2013-10-16 17:50:16 +0000},
  Journal = {International Journal of Computer Vision},
  Pages = {107-123},
  Title = {On Space-Time Interest Points},
  Volume = {64},
  Year = {2005}}

@article{Lee2005Capturing,
  author = {Lee, O. and Bhushan, A. and Diaz-Gutierrez, P. and Gopi, M.},
  Date-Added = {2013-10-03 14:58:22 +0000},
  Date-Modified = {2013-10-03 14:58:52 +0000},
  Journal = {Advances in Visual Computing},
  Title = {{Capturing and view-dependent rendering of billboard models}},
  Year = {2005}}

@inproceedings{Lee:2000:SICNS,
  author = {Lee, T. and Wachtler, T. and Sejnowski, T.},
  Booktitle = {Biologically Motivated Computer Vision},
  Pages = {535-538},
  Title = {The spectral independent components of natural scenes},
  Year = {2000}}

@inproceedings{Lei:2009:DPOF,
  Address = {Kyoto, Japan},
  author = {Lei, C. and Yang, Y.},
  Booktitle = ICCV,
  Owner = {dqsun},
  Timestamp = {2009.10.09},
  Title = {Optical flow estimation on coarse-to-fine region-trees using discrete optimization},
  Year = {2009}}

@inproceedings{Lempitsky:2008:FF,
  author = {Lempitsky, V. and Roth, S. and Rother, C.},
  Booktitle = CVPR,
  Pages = {1-8},
  Title = {Fusion{F}low: {D}iscrete-continuous optimization for optical flow estimation},
  Year = {2008}}

@inproceedings{levin2010analyzing,
  Booktitle = {Proc.~European Conference on Computer Vision (ECCV)},
  Date-Added = {2012-10-04 00:58:36 -0400},
  Date-Modified = {2012-10-04 00:58:56 -0400},
  Title = {Analyzing depth from coded aperture sets},
  Year = {2010}}

@inproceedings{levin2008understanding,
  author = {Levin, A. and Freeman, W. and Durand, F.},
  Booktitle = {Proc.~European Conference on Computer Vision (ECCV)},
  Date-Added = {2012-10-03 22:59:33 -0400},
  Date-Modified = {2012-10-03 22:59:55 -0400},
  Title = {Understanding camera trade-offs through a Bayesian analysis of light field projections},
  Year = {2008}}

@inproceedings{Levoy:1996,
  Acmid = {237199},
  Address = {New York, NY, USA},
  author = {Levoy, M. and Hanrahan, P.},
  Booktitle = {Proceedings of the 23rd annual conference on Computer graphics and interactive techniques},
  Doi = {10.1145/237170.237199},
  Keywords = {epipolar analysis, holographic stereogram, image-based rendering, light field, vector quantization},
  Numpages = {12},
  Pages = {31--42},
  Publisher = {ACM},
  Series = {SIGGRAPH '96},
  Title = {Light field rendering},
  Url = {http://doi.acm.org/10.1145/237170.237199},
  Year = {1996},
  Bdsk-Url-1 = {http://doi.acm.org/10.1145/237170.237199},
  Bdsk-Url-2 = {http://dx.doi.org/10.1145/237170.237199}}

@inproceedings{Li2010,
  author = {Li, R. and Chellappa, R.},
  Booktitle = {IEEE Conference on Computer Vision and Pattern Recognition},
  Date-Added = {2013-10-16 17:50:16 +0000},
  Date-Modified = {2013-10-16 17:50:16 +0000},
  Pages = {2038-2045},
  Title = {Group motion segmentation using a Spatio-Temporal Driving Force Model},
  Year = {2010}}

@article{LiIJCV2012,
  author = {Li, R. and Chellappa, R. and Zhou, S.},
  Date-Added = {2013-10-16 17:50:16 +0000},
  Date-Modified = {2013-10-16 17:50:16 +0000},
  Journal = {International Journal of Computer Vision},
  Title = {Recognizing Interactive Group Activities Using Temporal Interaction Matrices and Their Riemannian Statistics},
  Year = {2012}}

@inproceedings{li2013finding,
  author = {Li, R. and Porfilio, P. and Zickler, T.},
  Booktitle = {Proc.~IEEE Conference on Computer Vision and Pattern Recognition (CVPR)},
  Date-Added = {2013-10-15 02:49:14 +0000},
  Date-Modified = {2013-10-15 02:52:26 +0000},
  Title = {Finding group interactions in social clutter},
  Year = {2013}}

@inproceedings{li2012discriminative,
  author = {Li, R. and Zickler, T.},
  Booktitle = {Proc.~IEEE Conference on Computer Vision and Pattern Recognition (CVPR)},
  Date-Added = {2013-10-15 02:53:32 +0000},
  Date-Modified = {2013-10-15 02:53:51 +0000},
  Title = {Discriminative virtual views for cross-view action recognition},
  Year = {2012}}

@inproceedings{Li:2002:3DHMRF,
  author = {Li, Z. and Delp, E.},
  Booktitle = {ICME},
  Owner = {dqsun},
  Timestamp = {2012.10.02},
  Title = {{MAP}-based post processing of video sequences using 3-D Huber-Markov random field model},
  Year = {2002}}

@inproceedings{liang2008programmable,
  author = {Liang, C. and Lin, T. and Wong, B. and Liu, C. and Chen, H.},
  Booktitle = {ACM Transactions on Graphics (TOG)},
  Date-Added = {2012-10-04 22:21:36 -0400},
  Date-Modified = {2012-10-04 22:21:36 -0400},
  Number = {3},
  Organization = {ACM},
  Pages = {55},
  Title = {Programmable aperture photography: multiplexed light field acquisition},
  Volume = {27},
  Year = {2008}}

@article{Liao:2012:VS,
  author = {Liao, M. and Gao, J. and Yang, R. and Gong, M.},
  Bibsource = {DBLP, http://dblp.uni-trier.de},
  Ee = {http://doi.ieeecomputersociety.org/10.1109/TVCG.2011.114},
  Journal = {IEEE Trans. Vis. Comput. Graph.},
  Number = {7},
  Pages = {1079-1088},
  Title = {Video Stereolization: Combining Motion Analysis with User Interaction},
  Volume = {18},
  Year = {2012}}

@inproceedings{Liu:2008:HAMA,
  author = {Liu, C. and Freeman, W.T. and Adelson, E.H. and Weiss, Y.},
  Booktitle = CVPR,
  Owner = {dqsun},
  Pages = {1-8},
  Timestamp = {2009.10.22},
  Title = {Human-Assisted Motion Annotation},
  Year = {2008}}

@inproceedings{Liu2008,
  author = {Liu, C. and Freeman, W.T. and Adelson, E.H. and Weiss, Y.},
  Booktitle = CVPR,
  Owner = {dqsun},
  Pages = {1-8},
  Timestamp = {2009.10.22},
  Title = {Human-Assisted Motion Annotation},
  Year = {2008}}

@conference{Liu:2011:VSR,
  author = {Liu, C. and Sun, D.},
  Booktitle = CVPR,
  Owner = {dqsun},
  Pages = {209--216},
  Timestamp = {2011.07.05},
  Title = {A Bayesian Approach to Adaptive Video Super Resolution},
  Year = {2011}}

@inproceedings{Liu:2005:MM,
  author = {Liu, C. and Torralba, A. and Freeman, W. and Durand, F. and Adelson, E.},
  Booktitle = {SIGGRAPH '05},
  Doi = {http://doi.acm.org/10.1145/1186822.1073223},
  Location = {Los Angeles, California},
  Owner = {dqsun},
  Pages = {519--526},
  Publisher = {ACM},
  Timestamp = {2011.02.19},
  Title = {Motion magnification},
  Year = {2005},
  Bdsk-Url-1 = {http://doi.acm.org/10.1145/1186822.1073223}}

@inproceedings{Liu2005,
  author = {Liu, C. and Torralba, A. and Freeman, W. and Durand, F. and Adelson, E.},
  Booktitle = SIGGRAPH,
  Doi = {http://doi.acm.org/10.1145/1186822.1073223},
  Location = {Los Angeles, California},
  Owner = {dqsun},
  Pages = {519--526},
  Publisher = {ACM},
  Timestamp = {2011.02.19},
  Title = {Motion magnification},
  Year = {2005},
  Bdsk-Url-1 = {http://doi.acm.org/10.1145/1186822.1073223}}

@article{Liu:2011:SF,
  author = {Liu, C. and Yuen, J. and Torralba, A.},
  Bibsource = {http://www.visionbib.com/bibliography/optic-f734.html#TT82063},
  Journal = PAMI,
  Month = jan,
  Number = {1},
  Owner = {deqing},
  Pages = {978--994},
  Timestamp = {2012.04.24},
  Title = {{SIFT} Flow: Dense Correspondence across Scenes and Its Applications},
  Volume = {33},
  Year = {2011}}

@inproceedings{lumsdaine2009focused,
  author = {Lumsdaine, A. and Georgiev, T.},
  Booktitle = {Proc.~IEEE International Conference on Computational Photography (ICCP)},
  Date-Added = {2012-09-26 00:31:05 -0400},
  Date-Modified = {2012-09-26 00:31:40 -0400},
  Title = {The focused plenoptic camera},
  Year = {2009}}

@inproceedings{Ma:2013:WMF,
  author = {Ma, Z. and He, K. and Wei, Y. and Sun, J. and Wu, E.},
  Booktitle = ICCV,
  Owner = {dqsun},
  Timestamp = {2009.05.02},
  Title = {Constant TimeWeighted Median Filtering for Stereo Matching and Beyond},
  Year = {2013}}

@inproceedings{Martin:2001:DNI,
  author = {Martin, D. and Fowlkes, C. and Tal, D. and Malik, J.},
  Booktitle = {ICCV},
  Owner = {t-desun},
  Timestamp = {2010.11.08},
  Title = {A Database of Human Segmented Natural Images and its Application to Evaluating Segmentation Algorithms and Measuring Ecological Statistics},
  Year = {2001}}

@inproceedings{Matusik:2004:3DTV,
  Acmid = {1015805},
  Address = {New York, NY, USA},
  author = {Matusik, W. and Pfister, H.},
  Booktitle = SIGGRAPH,
  Doi = {10.1145/1186562.1015805},
  Keywords = {Autostereoscopic displays, camera arrays, image-based rendering, lightfields, multiview displays, projector arrays},
  Location = {Los Angeles, California},
  Numpages = {11},
  Owner = {dqsun},
  Pages = {814--824},
  Publisher = {ACM},
  Series = {SIGGRAPH '04},
  Timestamp = {2012.10.03},
  Title = {3D TV: a scalable system for real-time acquisition, transmission, and autostereoscopic display of dynamic scenes},
  Url = {http://doi.acm.org/10.1145/1186562.1015805},
  Year = {2004},
  Bdsk-Url-1 = {http://doi.acm.org/10.1145/1186562.1015805},
  Bdsk-Url-2 = {http://dx.doi.org/10.1145/1186562.1015805}}

@article{McCann:2009:LL,
  author = {McCann, J. and Pollard, N.S.},
  Journal = SIGGRAPH,
  Month = aug,
  Number = {3},
  Title = {Local Layering},
  Volume = {28},
  Year = {2009}}

@article{McCowan:meeting,
  author = {McCowan, I. and Gatica-Perez, D. and Lathoud, G. and Barnard, M. and Zhang, D.},
  Date-Added = {2013-10-16 17:50:16 +0000},
  Date-Modified = {2013-10-16 17:50:16 +0000},
  Journal = {IEEE Transactions on Pattern Analysis Machine Intelligence},
  Pages = {305-317},
  Title = {Automatic Analysis of Group Actions in Meetings},
  Volume = {27},
  Year = {2005}}

@article{McGuire2007Optical,
  author = {McGuire, M. and Matusik, W. and Pfister, H. and Chen, B. and Hughes, J. and Nayar, S.},
  Chapter = {32},
  Date-Added = {2012-10-04 18:56:01 +0000},
  Date-Modified = {2012-10-04 18:56:08 +0000},
  Journal = {IEEE Computer Graphics \& Applications, Special Issue on Computational Photography},
  Month = {March-April 2007},
  Pages = {32-42},
  Publisher = {IEEE},
  Title = {Optical-Splitting Trees for High-Precision Monocular Imaging},
  Volume = {27},
  Year = {2007}}

@inproceedings{mcguire2005defocus,
  author = {McGuire, M. and Matusik, W. and Pfister, H. and Hughes, J. and Durand, F.},
  Booktitle = {ACM Transactions on Graphics (TOG)},
  Date-Added = {2012-10-04 00:36:28 -0400},
  Date-Modified = {2012-10-04 00:37:06 -0400},
  Pages = {567--576},
  Title = {Defocus video matting},
  Year = {2005}}

@article{Meier:1999:RBA,
  author = {Meier, T. and Ngan, K. and Crebbin, G.},
  File = {MeierNC1999.pdf:Deblock\\MeierNC1999.pdf:PDF},
  Journal = {CSVT},
  Keywords = {deblocking, Markov random field (MRF), MAP},
  Month = {April},
  Number = {3},
  Owner = {dqsun},
  Pages = {490-500},
  Timestamp = {2006.06.02},
  Title = {Reduction of blocking artifacts in image and video coding},
  Volume = {9},
  Year = {1999}}

@inproceedings{minka01,
  Booktitle = {UAI 17},
  Pages = {362--369},
  Publisher = {Morgan Kaufmann},
  Title = {Expectation Propagation for Approximate {B}ayesian Inference},
  Year = {2001}}

@inproceedings{Vlad:group,
  author = {Morariu, V. and Davis, L.},
  Booktitle = {IEEE Conference on Computer Vision and Pattern Recognition},
  Date-Added = {2013-10-16 17:50:16 +0000},
  Date-Modified = {2013-10-16 17:50:16 +0000},
  Pages = {3289 - 3296},
  Title = {Multi-agent event recognition in structured scenarios},
  Year = {2011}}

@inproceedings{morris96,
  author = {Morris, R.D. and Descombes, X. and Zerubia, J.},
  Booktitle = {Proceedings of the IEEE Digital Signal Processing Workshop},
  Pages = {263-266},
  Title = {The {Ising/Potts} model is not well suited to segmentation tasks},
  Year = {1996}}

@article{murray-buxton,
  author = {D.~W.~Murray,  and B.~F.~Buxton, },
  Journal = PAMI,
  Month = {March},
  Number = {2},
  Pages = {220-228},
  Title = {Scene segmentation from visual motion using global optimization},
  Volume = {9},
  Year = {1987}}

@article{mutch:PAMI:85,
  author = {Mutch, K. and Thompson, W.},
  Journal = PAMI,
  Month = {March},
  Number = {2},
  Pages = {133--138},
  Title = {Analysis of accretion and deletion at boundaries in dynamic scenes},
  Volume = {7},
  Year = {1985}}

@inproceedings{nagahara2010programmable,
  author = {Nagahara, H. and Zhou, C. and Watanabe, T. and Ishiguro, H. and Nayar, S.},
  Booktitle = {Proc.~European Conference on Computer Vision (ECCV)},
  Date-Added = {2012-10-05 01:01:07 -0400},
  Date-Modified = {2012-10-05 01:01:32 -0400},
  Pages = {337--350},
  Publisher = {Springer},
  Title = {Programmable aperture camera using LCoS},
  Year = {2010}}

@inproceedings{Silberman:ECCV12,
  author = {Nathan Silberman, D.P. and Fergus, R.},
  Booktitle = {ECCV},
  Title = {Indoor Segmentation and Support Inference from RGBD Images},
  Year = {2012}}

@inproceedings{ng2005fourier,
  Booktitle = {ACM Transactions on Graphics (TOG)},
  Date-Added = {2012-09-26 00:20:46 -0400},
  Date-Modified = {2012-09-26 00:20:46 -0400},
  Number = {3},
  Organization = {ACM},
  Pages = {735--744},
  Title = {Fourier slice photography},
  Volume = {24},
  Year = {2005}}

@inproceedings{Ni:group,
  author = {Ni, B. and Yan, S. and Kassim, A.},
  Booktitle = {IEEE Conference on Computer Vision and Pattern Recognition},
  Date-Added = {2013-10-16 17:50:16 +0000},
  Date-Modified = {2013-10-16 17:50:16 +0000},
  Pages = {1470-1477},
  Title = {Recognizing Human Group Activities by Localized Causalities},
  Year = {2009}}

@inproceedings{Niscolescu:2003:TV,
  author = {Nicolescu, M. and Medioni, G.},
  Booktitle = CVPR,
  Pages = {382--389},
  Title = {Motion Segmentation with Accurate Boundaries - A Tensor Voting Approach},
  Year = {2003}}

@inproceedings{Niebles2007,
  author = {Niebles, J. and Fei-Fei, L.},
  Booktitle = {IEEE Conference on Computer Vision and Pattern Recognition},
  Date-Added = {2013-10-16 17:50:16 +0000},
  Date-Modified = {2013-10-16 17:50:16 +0000},
  Pages = {1-8},
  Title = {A hierarchical model of shape and appearance for human action classification},
  Year = {2007}}

@article{Niebles2006,
  author = {Niebles, J. and Wang, H. and Fei-Fei, L.},
  Date-Added = {2013-10-16 17:50:16 +0000},
  Date-Modified = {2013-10-16 17:50:16 +0000},
  Journal = {International Journal of Computer Vision},
  Pages = {299-318},
  Title = {Unsupervised learning of human action categories using spatial-temporal words},
  Volume = {79},
  Year = {2008}}

@incollection{OrbTeh2010a,
  author = {Orbanz, P. and Teh, Y.W.},
  Booktitle = {Encyclopedia of Machine Learning},
  Publisher = {Springer},
  Title = {{B}ayesian Nonparametric Models},
  Year = {2010}}

@article{osher1988fronts,
  author = {Osher, S. and Sethian, J.},
  Journal = {Journal of computational physics},
  Number = {1},
  Pages = {12--49},
  Publisher = {Elsevier},
  Title = {Fronts propagating with curvature-dependent speed: Algorithms based on {H}amilton-{J}acobi formulations},
  Volume = {79},
  Year = {1988}}

@article{Paris:2009:BFSP,
  author = {Paris, S. and Durand, F.},
  Bibsource = {http://www.visionbib.com/bibliography/image-proc106.html#TT10009},
  Journal = IJCV,
  Month = jan,
  Number = {1},
  Owner = {deqing},
  Pages = {24--52},
  Timestamp = {2012.05.01},
  Title = {A Fast Approximation of the Bilateral Filter Using a Signal Processing Approach},
  Volume = {81},
  Year = {2009}}

@inproceedings{park2007iccv,
  author = {Park, J. and Lee, M. and Grossberg, D. and Nayar, S.},
  Booktitle = {Proc.~International Conference on Computer Vision (ICCV)},
  Title = {Multispectral Imaging Using Multiplexed Illumination},
  Year = {2007}}

@article{pitman97,
  author = {Pitman, J. and Yor, M.},
  Journal = {Annals of Probability},
  Number = {2},
  Pages = {855--900},
  Title = {The Two-Parameter {P}oisson--{D}irichlet Distribution Derived from a Stable Subordinator},
  Volume = {25},
  Year = {1997}}

@article{Rand:1971:RI,
  Journal = {Journal of the American Statistical Association},
  Masid = {1961008},
  Month = {Dec},
  Number = {336},
  Pages = {846-850},
  Title = {Objective criteria for the evaluation of clustering methods},
  Volume = {66},
  Year = {1971}}

@article{multilayer,
  Abstract = {Our hybrid display model combines multiple automultiscopic elements
  volumetrically to support horizontal and vertical parallax at a larger
  depth of field and better accommodation cues compared to single layer
  elements. In this paper, we introduce a framework to analyze the
  bandwidth of such display devices. Based on this analysis, we show
  that multiple layers can achieve a wider depth of field using less
  bandwidth compared to single layer displays. We present a simple
  algorithm to distribute an input light field to multiple layers,
  and devise an efficient ray tracing algorithm for synthetic scenes.
  We demonstrate the effectiveness of our approach by both software
  simulation and two corresponding hardware prototypes.},
  author = {Ranieri, N. and Heinzle, S. and Smithwick, Q. and Reetz, D. and Smoot, L.S. and Matusik, W. and Gross, M.},
  Doi = {10.1111/j.1467-8659.2012.03206.x},
  Journal = {Computer Graphics Forum},
  Number = {7},
  Pages = {2135-2143},
  Title = {{Multi-Layered Automultiscopic Displays}},
  Url = {http://diglib.eg.org/EG/CGF/volume31/issue7/v31i7pp2135-2143.pdf},
  Volume = {31},
  Year = {2012},
  Bdsk-Url-1 = {http://diglib.eg.org/EG/CGF/volume31/issue7/v31i7pp2135-2143.pdf},
  Bdsk-Url-2 = {http://dx.doi.org/10.1111/j.1467-8659.2012.03206.x}}

@article{Recht:2010:GMS,
  author = {Recht, B. and Fazel, M. and Parrilo, P.},
  Issn = {0036-1445},
  Issue_Date = {August 2010},
  Journal = {SIAM Review},
  Month = aug,
  Number = {3},
  Pages = {471--501},
  Title = {Guaranteed Minimum-Rank Solutions of Linear Matrix Equations via Nuclear Norm Minimization},
  Volume = {52},
  Year = {2010}}

@inproceedings{reddy2011p2c2,
  author = {Reddy, D. and Veeraraghavan, A. and Chellappa, R.},
  Booktitle = {Proc.~IEEE Conference on Computer Vision and Pattern Recognition (CVPR)},
  Date-Added = {2012-10-05 02:01:53 -0400},
  Date-Modified = {2012-10-05 02:02:09 -0400},
  Title = {P2C2: Programmable pixel compressive camera for high speed imaging},
  Year = {2011}}

@conference{Robertson:2001:TI,
  Booktitle = {Proc. of SPIE},
  Owner = {dqsun},
  Timestamp = {2012.10.02},
  Title = {Restoration of compressed video using temporal information},
  Year = {2001}}

@article{Robertson:2005:DCTQN,
  author = {Robertson, M. and Stevenson, R.},
  Booktitle = TIP,
  Journal = {TIP},
  Owner = {t-desun},
  Pages = {27-38},
  Timestamp = {2011.01.02},
  Title = {{DCT} quantization noise in compressed images},
  Volume = {15},
  Year = {2001}}

@article{Roth:2007:OSS,
  author = {Roth, S. and Black, M.},
  Bibsource = {http://www.visionbib.com/bibliography/optic-f734.html#TT72803},
  Journal = IJCV,
  Month = {August},
  Number = {1},
  Pages = {33-50},
  Timestamp = {2010.10.30},
  Title = {On the Spatial Statistics of Optical Flow},
  Volume = {74},
  Year = {2007}}

@article{Roth:2007:SSO,
  author = {Roth, S. and Black, M.},
  Bibno = {0014},
  Doi = {10.1007/s11263-006-0016-x},
  Journal = IJCV,
  Month = {Aug},
  Number = {1},
  Pages = {33--50},
  Title = {On the Spatial Statistics of Optical Flow},
  Volume = {74},
  Year = {2007},
  Bdsk-Url-1 = {http://dx.doi.org/10.1007/s11263-006-0016-x}}

@inproceedings{Roth:2005:SSO,
  author = {Roth, S. and Black, M.},
  Bibsource = {http://www.visionbib.com/bibliography/optic-f734.html#TT54972},
  Booktitle = ICCV,
  File = {:/home/dqsun/http\:/www.cs.brown.edu/people/black/Papers/ijcvFlowPreprint.pdf:PDF},
  Pages = {I: 42-49},
  Title = {On the Spatial Statistics of Optical Flow},
  Year = {2005}}

@inproceedings{Rubinstein:2013:JDS,
  author = {Rubinstein, M. and Joulin, A. and Kopf, J. and Liu, C.},
  Booktitle = CVPR,
  Journal = CVPR,
  Owner = {dqsun},
  Timestamp = {2013.10.17},
  Title = {Unsupervised Joint Object Discovery and Segmentation in Internet Images},
  Year = {2013}}

@inproceedings{Rubio:2012:VCS,
  author = {Rubio, J.C. and Serrat, J. and Lopez, A.M.},
  Booktitle = {Asian Conference on Computer Vision},
  Date-Modified = {2013-11-04 19:42:10 +0000},
  Owner = {dqsun},
  Timestamp = {2013.10.17},
  Title = {Video Co-Segmentation},
  Year = {2012}}

@article{Rudin:1992:ROF,
  Address = {Amsterdam, The Netherlands, The Netherlands},
  author = {Rudin, L. and Osher, S. and Fatemi, E.},
  Doi = {http://dx.doi.org/10.1016/0167-2789(92)90242-F},
  Issn = {0167-2789},
  Journal = {Phys. D},
  Number = {1-4},
  Owner = {dqsun},
  Pages = {259--268},
  Publisher = {Elsevier Science Publishers B. V.},
  Timestamp = {2009.07.12},
  Title = {Nonlinear total variation based noise removal algorithms},
  Volume = {60},
  Year = {1992},
  Bdsk-Url-1 = {http://dx.doi.org/10.1016/0167-2789(92)90242-F}}

@inproceedings{russell06,
  author = {Russell, B. and Efros, A. and Sivic, J. and Freeman, W. and Zisserman, A.},
  Booktitle = cvpr,
  Pages = {1605--1614},
  Title = {Using Multiple Segmentations to Discover Objects and their Extent in Image Collections},
  Volume = {2},
  Year = {2006}}

@article{Russell:2008:LM,
  author = {Russell, B. and Torralba, A. and Murphy, K. and Freeman, W.},
  Doi = {http://dx.doi.org/10.1007/s11263-007-0090-8},
  Issn = {0920-5691},
  Issue = {1-3},
  Journal = IJCV,
  Month = {May},
  Numpages = {17},
  Pages = {157--173},
  Title = {LabelMe: A Database and Web-Based Tool for Image Annotation},
  Url = {http://dx.doi.org/10.1007/s11263-007-0090-8},
  Volume = {77},
  Year = {2008},
  Bdsk-Url-1 = {http://dx.doi.org/10.1007/s11263-007-0090-8}}

@inproceedings{Ryoo:group,
  author = {Ryoo, M. and Aggarwal, J.},
  Booktitle = {International Conference on Computer Vision},
  Date-Added = {2013-10-16 17:50:16 +0000},
  Date-Modified = {2013-10-16 17:50:16 +0000},
  Pages = {1593 - 1600},
  Title = {Spatio-Temporal Relationship Match: Video Structure Comparison for Recognition of Complex Human Activities},
  Year = {2009}}

@article{Sand:2008:PV,
  Address = {Hingham, MA, USA},
  author = {Sand, P. and Teller, S.},
  Doi = {http://dx.doi.org/10.1007/s11263-008-0136-6},
  Issn = {0920-5691},
  Journal = {Int. J. Comput. Vision},
  Number = {1},
  Owner = {dqsun},
  Pages = {72--91},
  Publisher = {Kluwer Academic Publishers},
  Review = {Sand and Teller \cite{Sand:2008:PV} introduced the particle vidoe problem that estimates particles with long-duration trajectory and other properties. The resultant motion is desner than feature matching and longer range than optical flow. On complex vidoe sequences with occlusion, their estimation method produces results with low drift. The particle video method has been used as a preprocessing step in several novel video applications by Godman \etal (though the preprocessing is time-consuming; particle video is good for slowly moving, large textured objects, but fail for fast moving, small objects, or larger featureless regions). Estimation is based on the Brox \etal \cite{Brox:2004:HAO} The implementation of the temporal appearance smoothness assumption is ad-hoc. Occlusion is still a problem. Theoretical framework is not set up. Positioning particles is ad-hoc, not part of the objective function. %related work Most optical flow estimation methods assume each pixel goes to somewhoe in the next frame, which is violated by occlusion. Multi-frame optical esimation: temporal smoothness assumption is usually violated by real-world video sequences; rank method may be incorporated into the particle video estimation. Their occlusion handling is based on Thompson \cite{Thompson:1998:EDOF} and Xiao \etal \cite{Xiao:2006:BFO}},
  Timestamp = {2011.02.19},
  Title = {Particle Video: Long-Range Motion Estimation Using Point Trajectories},
  Volume = {80},
  Year = {2008},
  Bdsk-Url-1 = {http://dx.doi.org/10.1007/s11263-008-0136-6}}

@inproceedings{sawhney-cvpr94,
  Booktitle = CVPR,
  Pages = {929--934},
  Title = {{3D} Geometry from Planar Parallax},
  Year = {1994}}

@article{saxena2009make3d,
  author = {Saxena, A. and Sun, M. and Ng, A.},
  Journal = {Pattern Analysis and Machine Intelligence, IEEE Transactions on},
  Number = {5},
  Pages = {824--840},
  Publisher = {IEEE},
  Title = {Make3d: Learning 3d scene structure from a single still image},
  Volume = {31},
  Year = {2009}}

@inproceedings{KTH,
  author = {Sch{\"u}ldt, C. and Laptev, I. and Caputo, B.},
  Booktitle = {International Conference on Pattern Recognition},
  Date-Added = {2013-10-16 17:50:41 +0000},
  Date-Modified = {2013-10-16 17:50:41 +0000},
  Pages = {32-36},
  Title = {Recognizing Human Actions: A Local SVM Approach},
  Year = {2004}}

@article{Scharstein:2002:TEDS,
  Address = {Hingham, MA, USA},
  author = {Scharstein, D. and Szeliski, R.},
  Doi = {http://dx.doi.org/10.1023/A:1014573219977},
  Issn = {0920-5691},
  Journal = IJCV,
  Number = {1-3},
  Owner = {dqsun},
  Pages = {7--42},
  Publisher = {Kluwer Academic Publishers},
  Timestamp = {2010.03.14},
  Title = {A Taxonomy and Evaluation of Dense Two-Frame Stereo Correspondence Algorithms},
  Volume = {47},
  Year = {2002},
  Bdsk-Url-1 = {http://dx.doi.org/10.1023/A:1014573219977}}

@inproceedings{Schnyder:2011:SCP,
  author = {Schnyder, L. and Wang, O. and Smolic, A.},
  Bibsource = {DBLP, http://dblp.uni-trier.de},
  Booktitle = {ICIP},
  Ee = {http://dx.doi.org/10.1109/ICIP.2011.6115857},
  Owner = {dqsun},
  Pages = {1961-1964},
  Timestamp = {2012.10.04},
  Title = {2D to 3D conversion of sports content using panoramas},
  Year = {2011}}

@inproceedings{Schoenemann:2008:HRML,
  author = {Schoenemann, T. and Cremers, D.},
  Booktitle = CVPR,
  Doi = {10.1109/CVPR.2008.4587445},
  Issn = {1063-6919},
  Owner = {dqsun},
  Pages = {1-7},
  Review = {layer},
  Timestamp = {2009.12.08},
  Title = {High resolution motion layer decomposition using dual-space graph Cuts},
  Year = {2008},
  Bdsk-Url-1 = {http://dx.doi.org/10.1109/CVPR.2008.4587445}}

@article{selesnick2008estimation,
  Date-Added = {2012-10-07 00:51:09 -0400},
  Date-Modified = {2012-10-07 00:51:23 -0400},
  Journal = {IEEE Transactions on Signal Processing},
  Number = {8},
  Pages = {3482--3496},
  Publisher = {IEEE},
  Title = {The estimation of Laplace random vectors in additive white Gaussian noise},
  Volume = {56},
  Year = {2008}}

@article{seo2011multicolored,
  author = {Seo, K. and Wober, M. and Steinvurzel, P. and Schonbrun, E. and Dan, Y. and Ellenbogen, T. and Crozier, K.B.},
  Date-Added = {2012-09-26 00:36:01 -0400},
  Date-Modified = {2012-09-26 01:00:21 -0400},
  Journal = {Nano letters},
  Number = {4},
  Pages = {1851},
  Title = {Multicolored vertical silicon nanowires},
  Volume = {11},
  Year = {2011}}

@inproceedings{Shade98Layered,
  Address = {Orlando, FL},
  author = {Shade, J. and Gortler, S.J. and He, L. and Szeliski, R.},
  Booktitle = {Computer Graphics},
  Date-Added = {2013-10-03 14:03:11 +0000},
  Date-Modified = {2013-10-03 14:03:11 +0000},
  Month = jul,
  Pages = {231--242},
  Series = {SIGGRAPH 98 Proceedings},
  Title = {Layered Depth Images},
  Year = {1998}}

@inproceedings{Shekhovtsov:2007:BPOF,
  author = {Shekhovtsov, A. and Kovtun, I. and Hlavac, V.},
  Booktitle = CVPR,
  Doi = {10.1109/CVPR.2007.383205},
  Owner = {dqsun},
  Pages = {1-6},
  Timestamp = {2009.10.14},
  Title = {Efficient {MRF} Deformation Model for Non-Rigid Image Matching},
  Year = {2007},
  Bdsk-Url-1 = {http://dx.doi.org/10.1109/CVPR.2007.383205}}

@inproceedings{shen2011intrinsic,
  author = {Shen, L. and Yeo, C.},
  Booktitle = {Proc. IEEE Conf. Computer Vision and Pattern Recognition},
  Date-Added = {2012-10-06 21:35:59 -0400},
  Date-Modified = {2012-10-06 21:36:13 -0400},
  Title = {Intrinsic images decomposition using a local and global sparse representation of reflectance},
  Year = {2011}}

@inproceedings{Shi:1998:MSNC,
  author = {Shi, J. and Malik, J.},
  Bibsource = {http://www.visionbib.com/bibliography/motion-i759.html#TT78404},
  Booktitle = ICCV,
  Pages = {1154-1160},
  Title = {Motion Segmentation and Tracking Using Normalized Cuts},
  Year = {1998}}

@inproceedings{Silverman:2011:ICS,
  author = {Silberman, N. and Fergus, R.},
  Booktitle = {Proceedings of the International Conference on Computer Vision - Workshop on 3D Representation and Recognition},
  Owner = {dqsun},
  Timestamp = {2013.10.11},
  Title = {Indoor Scene Segmentation using a Structured Light Sensor},
  Year = {2011}}

@inproceedings{simoncelli1995steerable,
  author = {Simoncelli, E. and Freeman, W.},
  Booktitle = {Image Processing, 1995. Proceedings., International Conference on},
  Organization = {IEEE},
  Pages = {444--447},
  Title = {The steerable pyramid: A flexible architecture for multi-scale derivative computation},
  Volume = {3},
  Year = {1995}}

@article{Sinha2012Image-based,
  Acmid = {2185596},
  Address = {New York, NY, USA},
  Articleno = {100},
  author = {Sinha, S. and Kopf, J. and Goesele, M. and Scharstein, D. and Szeliski, R.},
  Date-Added = {2012-10-06 14:02:03 +0000},
  Date-Modified = {2012-10-06 14:02:09 +0000},
  Doi = {10.1145/2185520.2185596},
  Issn = {0730-0301},
  Issue_Date = {July 2012},
  Journal = {ACM Trans. Graph.},
  Keywords = {image-based modeling, image-based rendering, layers, reflections, stereo},
  Month = jul,
  Number = {4},
  Numpages = {10},
  Pages = {100:1--100:10},
  Publisher = {ACM},
  Title = {Image-based rendering for scenes with reflections},
  Url = {http://doi.acm.org/10.1145/2185520.2185596},
  Volume = {31},
  Year = {2012},
  Bdsk-Url-1 = {http://doi.acm.org/10.1145/2185520.2185596},
  Bdsk-Url-2 = {http://dx.doi.org/10.1145/2185520.2185596}}

@inproceedings{sivic05,
  author = {Sivic, J. and Russell, B. and Efros, A. and Zisserman, A. and Freeman, W.},
  Booktitle = iccv,
  Pages = {370--377},
  Title = {Discovering Objects and their Location in Images},
  Volume = {1},
  Year = {2005}}

@article{Smolic:2011:3DVPP,
  author = {Smolic, A. and Kauff, P. and Knorr, S. and Hornung, A. and Kunter, M. and Muandller, M. and Lang, M.},
  Issn = {0018-9219},
  Journal = {Proceedings of the IEEE},
  Month = {april},
  Number = {4},
  Owner = {dqsun},
  Pages = {607 -625},
  Timestamp = {2012.10.04},
  Title = {Three-Dimensional Video Postproduction and Processing},
  Volume = {99},
  Year = {2011}}

@inproceedings{stewart2003new,
  author = {Stewart, J. and Yu, J. and Gortler, S. and McMillan, L.},
  Booktitle = {Proceedings of the 14th Eurographics Workshop on Rendering},
  Date-Added = {2012-10-05 14:12:06 -0400},
  Date-Modified = {2012-10-05 14:12:13 -0400},
  Organization = {Eurographics Association},
  Pages = {150--156},
  Title = {A new reconstruction filter for undersampled light fields},
  Year = {2003}}

@article{Stiller:1997:OBEM,
  Bibsource = {http://www.visionbib.com/bibliography/optic-f735.html#TT69063},
  Journal = TIP,
  Month = {February},
  Number = {2},
  Owner = {dqsun},
  Pages = {234-250},
  Timestamp = {2010.03.17},
  Title = {Object-Based Estimation Of Dense Motion Fields},
  Volume = {6},
  Year = {1997}}

@inproceedings{Strecha:2004:OD,
  author = {Strecha, C. and Fransens, R. and Van Gool, L.},
  Bibsource = {http://www.visionbib.com/bibliography/optic-f739.html#TT69321},
  Booktitle = SMVP04,
  Owner = {dqsun},
  Pages = {71-82},
  Timestamp = {2010.03.14},
  Title = {A Probabilistic Approach to Large Displacement Optical Flow and Occlusion Detection},
  Year = {2004}}

@article{sudderth2008signal,
  author = {Sudderth, E. and Freeman, W.},
  Journal = {IEEE Signal Processing Magazine},
  Number = {2},
  Pages = {114},
  Title = {Signal and image processing with belief propagation},
  Volume = {25},
  Year = {2008}}

@inproceedings{Sudderth:2008:SSPY,
  author = {Sudderth, E. and Jordan, M.},
  Booktitle = {NIPS},
  Owner = {dqsun},
  Pages = {1585--1592},
  Timestamp = {2010.03.24},
  Title = {Shared Segmentation of Natural Scenes Using Dependent {Pitman-Yor} Processes},
  Year = {2009}}

@article{sudderth2004distributed,
  author = {Sudderth, E. and Mandel, M. and Freeman, W. and Willsky, A.},
  Journal = {Advances in Neural Information Processing Systems},
  Pages = {1369--1376},
  Title = {Distributed occlusion reasoning for tracking with nonparametric belief propagation},
  Volume = {17},
  Year = {2004}}

@article{sudderth2008describing,
  author = {Sudderth, E. and Torralba, A. and Freeman, W. and Willsky, A.},
  Journal = {International Journal of Computer Vision},
  Number = {1},
  Pages = {291--330},
  Publisher = {Springer},
  Title = {Describing visual scenes using transformed objects and parts},
  Volume = {77},
  Year = {2008}}

@article{sudderth2006describing,
  author = {Sudderth, E. and Torralba, A. and Freeman, W. and Willsky, A.},
  Journal = {Advances in neural information processing systems},
  Title = {Describing visual scenes using transformed {D}irichlet processes},
  Volume = {18},
  Year = {2006}}

@inproceedings{sudderth03a,
  author = {Sudderth, E. and Ihler, A. and Freeman, W. and Willsky, A.},
  Booktitle = {CVPR},
  Pages = {605--612},
  Title = {Nonparametric Belief Propagation},
  Volume = {1},
  Year = {2003}}

@inproceedings{Sudderth:2006:DFO,
  author = {Sudderth, E.B. and Torralba, A. and Freeman, W.T. and Willsky, A.S.},
  Booktitle = CVPR,
  Owner = {dqsun},
  Pages = {2410-2417},
  Timestamp = {2012.10.03},
  Title = {Depth from Familiar Objects: A Hierarchical Model for 3D Scenes},
  Year = {2006}}

@inproceedings{sudderth06a,
  author = {Sudderth, E. and Torralba, A. and Freeman, W. and Willsky, A.},
  Booktitle = {CVPR},
  Pages = {2410--2417},
  Title = {Depth from Familiar Objects: A Hierarchical Model for {3D} Scenes},
  Volume = {2},
  Year = {2006}}

@inproceedings{Sun:2013:FC,
  author = {Sun, D. and J., W. and Sudderth, E. and H., P. and Black, M.},
  Booktitle = CVPR,
  Owner = {dqsun},
  Pages = {2451--2458},
  Timestamp = {2009.05.02},
  Title = {A Fully-Connected Layered Model of Foreground and Background Flow},
  Year = {2013}}

@conference{Sun:2012:VDB,
  author = {Sun, D. and Liu, C.},
  Booktitle = ECCV,
  Owner = {dqsun},
  Pages = {510--523},
  Timestamp = {2011.07.05},
  Title = {Non-causal Temporal Prior for Video Deblocking},
  Year = {2012}}

@article{Sun:2013:QAP,
  author = {Sun, D. and Roth, S. and Black, M.},
  Journal = {International Journal of Computer Vision},
  Title = {A Quantitative Analysis of Current Practices in Optical Flow Estimation and The Principles Behind Them},
  Year = {2013}}

@inproceedings{Sun:2010:SP,
  author = {Sun, D. and Roth, S. and Black, M.},
  Booktitle = CVPR,
  Owner = {dqsun},
  Pages = {2432-2439},
  Timestamp = {2009.05.02},
  Title = {Secrets of Optical Flow Estimation and Their Principles},
  Year = {2010}}

@techreport{Sun:2010:TR,
  author = {Sun, D. and Roth, S. and Black, M.},
  Institution = {Brown-CS-10-03},
  Owner = {dqsun},
  Timestamp = {2010.03.24},
  Title = {A Quantitative Analysis of Current Practices in Optical Flow Estimation and The Principles Behind Them},
  Year = {2010}}

@inproceedings{Sun2008,
  author = {Sun, D. and Roth, S. and Lewis, J. and Black, M.},
  Bibsource = {DBLP, http://dblp.uni-trier.de},
  Booktitle = ECCV,
  Ee = {http://dx.doi.org/10.1007/978-3-540-88690-7_7},
  Owner = {dqsun},
  Pages = {83--97},
  Timestamp = {2009.05.02},
  Title = {Learning Optical Flow},
  Year = {2008}}

@inproceedings{Sun:2012:LSOT,
  author = {Sun, D. and Sudderth, E. and Black, M.},
  Booktitle = CVPR,
  Owner = {dqsun},
  Pages = {1768--1775},
  Timestamp = {2009.05.02},
  Title = {Layered Segmentation and Optical Flow Estimation over Time},
  Year = {2012}}

@inproceedings{Sun:2010:LM,
  author = {Sun, D. and Sudderth, E. and Black, M.},
  Booktitle = {NIPS},
  Owner = {dqsun},
  Pages = {2226-2234},
  Timestamp = {2010.03.24},
  Title = {Layered image motion with explicit occlusions, temporal consistency, and depth ordering},
  Year = {2010}}

@inproceedings{Sun:2005:SSMO,
  author = {Sun, J. and Li, Y. and Kang, S. and Shum, H.},
  Booktitle = CVPR,
  Doi = {10.1109/CVPR.2005.337},
  Issn = {1063-6919},
  Owner = {dqsun},
  Pages = {399-406},
  Timestamp = {2009.09.07},
  Title = {Symmetric stereo matching for occlusion handling},
  Volume = {2},
  Year = {2005},
  Bdsk-Url-1 = {http://dx.doi.org/10.1109/CVPR.2005.337}}

@article{sunkavalli10harmonization,
  author = {Sunkavalli, K. and Johnson, M.K. and Matusik, W. and Pfister, H.},
  Date-Modified = {2012-10-08 21:51:08 +0000},
  Journal = {{ACM} Transactions on Graphics (Proc.~{ACM} {SIGGRAPH})},
  Number = {4},
  Pages = {125:1--125:10},
  Title = {Multi-scale Image Harmonization},
  Volume = {29},
  Year = {2010}}

@article{Sunkavalli:2007:FTV,
  Acmid = {1276504},
  Address = {New York, NY, USA},
  Articleno = {101},
  author = {Sunkavalli, K. and Matusik, W. and Pfister, H. and Rusinkiewicz, S.},
  Doi = {10.1145/1276377.1276504},
  Issn = {0730-0301},
  Issue_Date = {July 2007},
  Journal = SIGGRAPH,
  Keywords = {computational photography, image-based rendering and lighting, inverse problems, reflectance},
  Month = jul,
  Number = {3},
  Publisher = {ACM},
  Title = {Factored time-lapse video},
  Url = {http://doi.acm.org/10.1145/1276377.1276504},
  Volume = {26},
  Year = {2007},
  Bdsk-Url-1 = {http://doi.acm.org/10.1145/1276377.1276504},
  Bdsk-Url-2 = {http://dx.doi.org/10.1145/1276377.1276504}}

@inproceedings{Sunkavalli08CC,
  author = {Sunkavalli, K. and Romeiro, F. and Matusik, W. and Zickler, T. and Pfister, H.},
  Booktitle = cvpr,
  Date-Added = {2012-10-04 20:09:04 +0000},
  Date-Modified = {2012-10-08 21:50:49 +0000},
  Title = {What do color changes reveal about an outdoor scene?},
  Year = {2008}}

@inproceedings{Szeliski:2000:LRT,
  author = {Szeliski, R. and Avidan, S. and Anandan, P.},
  Booktitle = CVPR,
  Doi = {10.1109/CVPR.2000.855826},
  Issn = {1063-6919},
  Keywords = {component layer images;composite images;motion estimates;motion recovery;motion refinement;multiple motion recovery;image reconstruction;motion estimation;},
  Owner = {dqsun},
  Pages = {246 -253 vol.1},
  Timestamp = {2012.10.04},
  Title = {Layer extraction from multiple images containing reflections and transparency},
  Volume = {1},
  Year = {2000},
  Bdsk-Url-1 = {http://dx.doi.org/10.1109/CVPR.2000.855826}}

@article{Tao:2012:SF,
  author = {Tao, M.W. and Bai, J. and Kohli, P. and Paris, S.},
  Bibsource = {DBLP, http://dblp.uni-trier.de},
  Ee = {http://dx.doi.org/10.1111/j.1467-8659.2012.03013.x},
  Journal = {Comput. Graph. Forum},
  Number = {2},
  Pages = {345-353},
  Title = {SimpleFlow: A Non-iterative, Sublinear Optical Flow Algorithm},
  Volume = {31},
  Year = {2012}}

@inproceedings{Tarlow10,
  author = {Tarlow, D. and Givoni, I. and Zemel, R.},
  Booktitle = {Proceedings of the Thirteenth International Conference on Artificial Intelligence and Statistics},
  Title = {HOP-MAP: Efficient Message Passing with High Order Potentials},
  Year = {2010}}

@inproceedings{Thayananthan:2008:FHL,
  author = {Thayananthan, A. and Iwasaki, M. and Cipolla, R.},
  Bibsource = {http://www.visionbib.com/bibliography/motion-i764.html#TT71850},
  Booktitle = {CVPR},
  Owner = {dqsun},
  Pages = {1-8},
  Review = {layer},
  Timestamp = {2010.03.12},
  Title = {Principled fusion of high-level model and low-level cues for motion segmentation},
  Year = {2008}}

@inproceedings{thibaux2007hierarchical,
  author = {Thibaux, R. and Jordan, M.},
  Booktitle = {International Conference on Artificial Intelligence and Statistics},
  Pages = {564--571},
  Title = {Hierarchical beta processes and the Indian buffet process},
  Year = {2007}}

@article{Torr:2001:BALE,
  author = {Torr, P. and Szeliski, R. and Anandan, P.},
  Doi = {10.1109/34.910882},
  Issn = {0162-8828},
  Journal = PAMI,
  Month = {Mar},
  Number = {3},
  Owner = {dqsun},
  Pages = {297-303},
  Timestamp = {2009.12.08},
  Title = {An integrated {Bayesian} approach to layer extraction from image sequences},
  Volume = {23},
  Year = {2001},
  Bdsk-Url-1 = {http://dx.doi.org/10.1109/34.910882}}

@inproceedings{torralba2003context,
  author = {Torralba, A. and Murphy, K. and Freeman, W. and Rubin, M.},
  Booktitle = {CVPR},
  Pages = {273--280},
  Title = {Context-based vision system for place and object recognition},
  Year = {2003}}

@inproceedings{Trobin:2008:CBF,
  author = {Trobin, W. and Pock, T. and Cremers, D. and Bischof, H.},
  Bibsource = {http://www.visionbib.com/bibliography/match574egymin1.html#TT50100},
  Booktitle = {ECCV},
  Owner = {dqsun},
  Pages = {IV: 677-690},
  Timestamp = {2010.03.12},
  Title = {Continuous Energy Minimization Via Repeated Binary Fusion},
  Year = {2008}}

@inproceedings{Valentin:2013:MSM,
  author = {Valentin, J.P. and Sengupta, S. and Warrell, J. and Shahrokni, A. and Torr, P.H.},
  Booktitle = CVPR,
  Journal = {The IEEE Conference on Computer Vision and Pattern Recognition (CVPR)},
  Month = {June},
  Owner = {dqsun},
  Timestamp = {2013.10.11},
  Title = {Mesh Based Semantic Modelling for Indoor and Outdoor Scenes},
  Year = {2013}}

@inproceedings{Reina10Multiple,
  Address = {Crete, Greece},
  author = {Vazquez-Reina, A. and Avidan, S. and Pfister, H. and Miller, E.},
  Booktitle = {European Conference on Computer Vision (ECCV)},
  Date-Added = {2012-10-04 16:57:20 +0000},
  Date-Modified = {2014-06-02 17:06:05 +0000},
  Month = {05/09/2010},
  Publisher = {Springer},
  Title = {Multiple Hypothesis Video Segmentation from Superpixel Flows},
  Year = {2010}}

@article{vedula2005three,
  author = {Vedula, S. and Rander, P. and Collins, R. and Kanade, T.},
  Date-Added = {2012-10-04 23:06:23 -0400},
  Date-Modified = {2012-10-04 23:07:11 -0400},
  Journal = {IEEE Transactions on Pattern Analysis and Machine Intelligence},
  Number = {3},
  Pages = {475--480},
  Publisher = {IEEE},
  Title = {Three-dimensional scene flow},
  Volume = {27},
  Year = {2005}}

@article{veeraraghavan2007dappled,
  author = {Veeraraghavan, A. and Raskar, R. and Agrawal, A. and Mohan, A. and Tumblin, J.},
  Date-Added = {2012-09-26 00:33:03 -0400},
  Date-Modified = {2012-09-26 00:33:03 -0400},
  Journal = {ACM Transactions on Graphics},
  Number = {3},
  Pages = {69},
  Publisher = {ACM ASSOCIATION FOR COMPUTING MACHINERY},
  Title = {Dappled photography: Mask enhanced cameras for heterodyned light fields and coded aperture refocusing},
  Volume = {26},
  Year = {2007}}

@inproceedings{Volz:2011:TC,
  author = {Volz, S. and Bruhn, A. and Valgaerts, L. and Zimmer, H.},
  Booktitle = ICCV,
  Pages = {1116-1123},
  Title = {Modeling Temporal Coherence for Optical Flow},
  Year = {2011}}

@article{wainwright08,
  author = {Wainwright, M. and Jordan, M.},
  Journal = {Foundations and Trends in Machine Learning},
  Pages = {1--305},
  Title = {Graphical Models, Exponential Families, and Variational Inference},
  Volume = {1},
  Year = {2008}}

@inproceedings{Wang:2009:SOMT,
  author = {Wang, C. and de La Gorce, M. and Paragios, N.},
  Bibsource = {http://www.visionbib.com/bibliography/motion-f710.html#TT74481},
  Booktitle = ICCV,
  Pages = {747-754},
  Title = {Segmentation, Ordering and Multi-object Tracking Using Graphical Models},
  Year = {2009}}

@inproceedings{Wang:1993:LR,
  author = {Wang, J. and Adelson, E.},
  Bibsource = {http://www.visionbib.com/bibliography/optic-f746.html#TT69866},
  Booktitle = CVPR,
  Pages = {361-366},
  Title = {Layered Representation for Motion Analysis},
  Year = {1993}}

@book{Wang:2008:IVM,
  Address = {Hanover, MA, USA},
  author = {Wang, J. and Cohen, M.},
  Isbn = {1601981341, 9781601981349},
  Owner = {dqsun},
  Publisher = {Now Publishers Inc.},
  Timestamp = {2012.10.03},
  Title = {Image and Video Matting},
  Year = {2008}}

@article{wang-adelson-94,
  author = {Wang, J.Y.A. and Adelson, E.H.},
  Journal = {IEEE Transactions on Image Processing},
  Month = sep,
  Number = {5},
  Pages = {625--638},
  Title = {Representing Moving Images with Layers},
  Volume = {3},
  Year = {1994}}

@inproceedings{Wang:2011:SIC,
  Acmid = {2021173},
  Address = {New York, NY, USA},
  author = {Wang, O. and Lang, M. and Frei, M. and Hornung, A. and Smolic, A. and Gross, M.},
  Booktitle = {Proceedings of the Eighth Eurographics Symposium on Sketch-Based Interfaces and Modeling},
  Doi = {10.1145/2021164.2021173},
  Isbn = {978-1-4503-0906-6},
  Location = {Vancouver, British Columbia, Canada},
  Numpages = {8},
  Owner = {dqsun},
  Pages = {47--54},
  Publisher = {ACM},
  Series = {SBIM '11},
  Timestamp = {2012.10.04},
  Title = {StereoBrush: interactive 2D to 3D conversion using discontinuous warps},
  Url = {http://doi.acm.org/10.1145/2021164.2021173},
  Year = {2011},
  Bdsk-Url-1 = {http://doi.acm.org/10.1145/2021164.2021173},
  Bdsk-Url-2 = {http://dx.doi.org/10.1145/2021164.2021173}}

@article{Ward:2011:DD,
  author = {Ward, B. and Kang, S.B. and Bennett, E.},
  Doi = {10.1109/MCG.2010.103},
  Issn = {0272-1716},
  Journal = {Computer Graphics and Applications, IEEE},
  Keywords = {3D conversion;computer vision;depth director system;movies;computer vision;entertainment;solid modelling;},
  Month = {jan.-feb.},
  Number = {1},
  Pages = {36 -48},
  Title = {Depth Director: A System for Adding Depth to Movies},
  Volume = {31},
  Year = {2011},
  Bdsk-Url-1 = {http://dx.doi.org/10.1109/MCG.2010.103}}

@article{Waschbusch20073D,
  author = {Waschb{\"u}sch, M. and W{\"u}rmlin, S.},
  Date-Added = {2013-10-03 14:04:14 +0000},
  Date-Modified = {2013-10-03 14:04:22 +0000},
  Journal = {Computer Graphics Forum},
  Title = {{3D video billboard clouds}},
  Year = {2007}}

@inproceedings{Wedel:2009:SMA,
  Address = {Kyoto, Japan},
  author = {Wedel, A. and Pock, T. and Cremers, D.},
  Booktitle = ICCV,
  Owner = {dqsun},
  Timestamp = {2009.10.11},
  Title = {Structure- and Motion-adaptive Regularization for High Accuracy Optic Flow},
  Year = {2009}}

@inproceedings{Wedel:2008:ITVL1,
  author = {Wedel, A. and Pock, T. and Zach, C. and Cremers, D. and Bischof, H.},
  Booktitle = {Proc. of the Dagstuhl Motion Workshop},
  Month = {September},
  Owner = {dqsun},
  Publisher = {Springer},
  Series = {LNCS},
  Timestamp = {2009.10.09},
  Title = {An Improved Algorithm for {TV-L1} Optical Flow},
  Year = {2008}}

@inproceedings{Weiss:2001:DIS,
  Bibsource = {DBLP, http://dblp.uni-trier.de},
  Booktitle = {ICCV},
  Owner = {dqsun},
  Pages = {68-75},
  Timestamp = {2012.10.04},
  Title = {Deriving Intrinsic Images from Image Sequences},
  Year = {2001}}

@inproceedings{Weiss:1997:SL,
  Booktitle = CVPR,
  Doi = {10.1109/CVPR.1997.609375},
  File = {:http\://www.cs.huji.ac.il/~yweiss/cvpr97.pdf:PDF},
  Owner = {dqsun},
  Pages = {520-526},
  Review = {layer},
  Timestamp = {2009.12.08},
  Title = {Smoothness in layers: Motion segmentation using nonparametric mixture estimation},
  Year = {1997},
  Bdsk-Url-1 = {http://dx.doi.org/10.1109/CVPR.1997.609375}}

@inproceedings{Weiss:1996:UMF,
  Abstract = {layer},
  author = {Weiss, Y. and Adelson, E.},
  Booktitle = CVPR,
  Doi = {10.1109/CVPR.1996.517092},
  File = {:/home/dqsun/http\:/web.mit.edu/persci/people/adelson/pub_pdfs/weiss_mixture.pdf:PDF},
  Owner = {dqsun},
  Pages = {321-326},
  Timestamp = {2009.12.08},
  Title = {A unified mixture framework for motion segmentation: Incorporating spatial coherence and estimating the number of models},
  Year = {1996},
  Bdsk-Url-1 = {http://dx.doi.org/10.1109/CVPR.1996.517092}}

@inproceedings{weiss2007learning,
  author = {Weiss, Y. and Chang, H.S. and Freeman, W.T.},
  Booktitle = {Proc.~Allerton Conference on Communication, Control and Computing},
  Date-Added = {2012-10-05 14:15:46 -0400},
  Date-Modified = {2012-10-05 14:34:43 -0400},
  Title = {Learning compressed sensing},
  Year = {2007}}

@inproceedings{Werlberger:2010:NLTV,
  author = {Werlberger, M. and Pock, T. and Bischof, H.},
  Booktitle = CVPR,
  Owner = {dqsun},
  Timestamp = {2009.05.02},
  Title = {Motion Estimation with Non-Local Total Variation Regularization},
  Year = {2010}}

@inproceedings{Werlberger:2009:AHOF,
  author = {Werlberger, M. and Trobin, W. and Pock, T. and Wedel, A. and Cremers, D. and Bischof, H.},
  Booktitle = {BMVC},
  Pages = {108.1-108.11},
  Title = {Anisotropic {H}uber-{L1} Optical Flow},
  Year = {2009}}

@misc{wetzstein2011towards,
  author = {Wetzstein, G. and Ihrke, I. and Gukov, A. and Heidrich, W.},
  Date-Added = {2012-10-05 12:57:25 -0400},
  Date-Modified = {2012-10-05 13:06:08 -0400},
  Howpublished = {Available at \url{http://web.media.mit.edu/~gordonw/publications/PlenopticDatasetAcquisition.pdf}},
  Title = {Towards a database of high-dimensional plenoptic images},
  Year = {accessed October 5, 2012}}

@article{Wetzstein,
  Address = {New York, NY, USA},
  author = {Wetzstein, G. and Lanman, D. and Heidrich, W. and Raskar, R.},
  Journal = {ACM Trans. Graph.},
  Number = {4},
  Publisher = {ACM},
  Title = {Layered {3D}: Tomographic Image Synthesis for Attenuation-based Light Field and High Dynamic Range Displays},
  Volume = {30},
  Year = {2011}}

@book{williams2006gaussian,
  author = {Williams, C. and Rasmussen, C.},
  Publisher = {MIT Press},
  Title = {Gaussian processes for machine learning},
  Year = {2006}}

@inproceedings{Wills:2003:WWW,
  author = {Wills, J. and Agarwal, S. and Belongie, S.},
  Booktitle = CVPR,
  Owner = {dqsun},
  Pages = {37--454},
  Review = {layer},
  Timestamp = {2010.03.04},
  Title = {What Went Where},
  Volume = {1},
  Year = {2003}}

@article{woolrich06,
  author = {Woolrich, M. and Behrens, T.},
  Journal = {IEEE MI},
  Month = oct,
  Number = {10},
  Pages = {1380--1391},
  Title = {Variational {B}ayes Inference of Spatial Mixture Models for Segmentation},
  Volume = {25},
  Year = {2006}}

@article{Wu2012Eulerian,
  author = {Wu, H. and Rubinstein, M. and Shih, E. and Guttag, J. and Durand, F. and Freeman, W.T.},
  Journal = SIGGRAPH,
  Number = {4},
  Owner = {dqsun},
  Timestamp = {2012.08.06},
  Title = {Eulerian Video Magnification for Revealing Subtle Changes in the World},
  Volume = {31},
  Year = {2012}}

@article{Xiao:2005:MLGC,
  author = {Xiao, J. and Shah, M.},
  Doi = {10.1109/TPAMI.2005.202},
  File = {:/home/dqsun/http\:/server.cs.ucf.edu/~vision/papers/xiao_shah_PAMI2005.pdf:PDF},
  Issn = {0162-8828},
  Journal = {PAMI},
  Month = {Oct},
  Number = {10},
  Owner = {dqsun},
  Pages = {1644-1659},
  Timestamp = {2009.12.08},
  Title = {Motion layer extraction in the presence of occlusion using graph cuts},
  Volume = {27},
  Year = {2005},
  Bdsk-Url-1 = {http://dx.doi.org/10.1109/TPAMI.2005.202}}

@inproceedings{Xu:2008:SF,
  Address = {Berlin, Heidelberg},
  author = {Xu, L. and Chen, J. and Jia, J.},
  Booktitle = ECCV,
  Doi = {http://dx.doi.org/10.1007/978-3-540-88682-2_51},
  Isbn = {978-3-540-88681-5},
  Location = {Marseille, France},
  Owner = {dqsun},
  Pages = {671--684},
  Publisher = {Springer-Verlag},
  Timestamp = {2009.10.01},
  Title = {A Segmentation Based Variational Model for Accurate Optical Flow Estimation},
  Year = {2008},
  Bdsk-Url-1 = {http://dx.doi.org/10.1007/978-3-540-88682-2_51}}

@inproceedings{Xu:2010:MDP,
  author = {Xu, L. and Jia, J. and Matsushita, Y.},
  Booktitle = CVPR,
  Owner = {dqsun},
  Pages = {1293-1300},
  Timestamp = {2009.05.02},
  Title = {Motion Detail Preserving Optical Flow Estimation},
  Year = {2010}}
  
@inproceedings{beyer2011demanddriven,
    title={Demand-driven volume rendering of terascale EM data},
  author = {Beyer, J. and Hadwiger, M. and Jeong, W. and Pfister, H. and Lichtman, J.},
    booktitle={International Conference on Computer Graphics and Interactive Techniques, SIGGRAPH 2011, Vancouver, BC, Canada, August 7-11, 2011, Talks Proceedings},
    pages={57},
    year={2011},
    crossref={DBLP:conf/siggraph/2011talks},
    url={http://doi.acm.org/10.1145/2037826.2037901},
    doi={10.1145/2037826.2037901},
    timestamp={Thu, 01 Dec 2011 10:34:38 +0100},
    biburl={http://dblp.uni-trier.de/rec/bib/conf/siggraph/BeyerHJPL11},
    bibsource={dblp computer science bibliography, http://dblp.org}
}

@inproceedings{Yalcin:2004:DEMAL,
  author = {Yalcin, H. and Black, M. and Fablet, R.},
  Booktitle = {IEEE Workshop on Image and Video Registration},
  Month = {Jun},
  Pages = {777-784},
  Title = {The dense estimation of motion and appearance in layers},
  Year = {2004}}

@inproceedings{Yamakazi2002Microfacet,
  author = {Yamakazi, S. and Sagawa, R. and Kawasaki, H. and Ikeuchi, K. and Sakauchi, M.},
  Booktitle = {Eurographics Rendering Workshop},
  Date-Added = {2013-10-03 14:25:46 +0000},
  Date-Modified = {2013-10-03 14:27:59 +0000},
  Month = jul,
  Publisher = {Eurographics Association},
  Title = {{Microfacet billboarding}},
  Year = {2002}}

@techreport{yasuma2008generalized,
  author = {Yasuma, F. and Mitsunaga, T. and Iso, D. and Nayar, S.},
  Booktitle = {Technical Report, Department of Computer Science, Columbia University CUCS-061-08},
  Date-Added = {2012-10-06 23:37:36 -0400},
  Date-Modified = {2012-10-06 23:37:58 -0400},
  Month = {Nov},
  Title = {{G}eneralized {A}ssorted {P}ixel {C}amera: {P}ost-{C}apture {C}ontrol of {R}esolution, {D}ynamic {R}ange and {S}pectrum},
  Year = {2008}}

@inproceedings{yu2012analysis,
  author = {Yu, Z. and Yu, J. and Lumsdaine, A. and Georgiev, T.},
  Booktitle = {Proc.~IEEE Conference on Computer Vision and Pattern Recognition (CVPR)},
  Date-Added = {2012-09-26 00:23:19 -0400},
  Date-Modified = {2012-09-26 00:25:10 -0400},
  Title = {An Analysis of Color Demosaicing in Plenoptic Cameras},
  Year = {2012}}

@article{Yuksel2008,
  author = {Yuksel, C. and Keyser, J.},
  Doi = {10.1111/j.1467-8659.2008.01165.x},
  Journal = {Computer Graphics Forum (Proceedings of EUROGRAPHICS 2008)},
  Number = {2},
  Pages = {675--680},
  Title = {Deep Opacity Maps},
  Volume = {27},
  Year = {2008},
  Bdsk-Url-1 = {http://dx.doi.org/10.1111/j.1467-8659.2008.01165.x}}

@article{yuksel2008deep,
  author = {Yuksel, C. and Keyser, J.},
  Journal = {Computer Graphics Forum},
  Number = {2},
  Pages = {675--680},
  Title = {Deep opacity maps},
  Volume = {27},
  Year = {2008}}
  
@conference{vazquez-reina2011segmentation,
    title={Segmentation Fusion for Connectomics},
  author = {Vazquez-Reina, A. and Huang, D. and Gelbart, M. and Lichtman, J. and Miller, E. and Pfister, H.},
    booktitle={Proceedings of the IEEE International Conference on Computer Vision (ICCV)},
    year={2011},
    month={06/11/2011},
    pages={177--184},
    publisher={IEEE},
    organization={IEEE},
    address={Barcelona, Spain}
}

@article{Zhang:2011:RBS,
  author = {Zhang, G. and J. Jia,  and Hua, W. and Bao, H.},
  Doi = {10.1109/TPAMI.2010.115},
  Issn = {0162-8828},
  Journal = PAMI,
  Keywords = {background scene;bilayer segmentation;depth estimation;handheld camera;motion estimation;object motion;optimization;planar perspective transformation;video sequence;cameras;feature extraction;image segmentation;motion estimation;optimisation;video signal processing;},
  Month = march,
  Number = {3},
  Owner = {dqsun},
  Pages = {603 -617},
  Timestamp = {2011.02.24},
  Title = {Robust Bilayer Segmentation and Motion/Depth Estimation with a Handheld Camera},
  Volume = {33},
  Year = {2011},
  Bdsk-Url-1 = {http://dx.doi.org/10.1109/TPAMI.2010.115}}

@article{zhou2011coded,
  author = {Zhou, C. and Lin, S. and Nayar, S.},
  Date-Added = {2012-10-04 01:00:21 -0400},
  Date-Modified = {2012-10-04 01:00:21 -0400},
  Journal = {International journal of computer vision},
  Number = {1},
  Pages = {53--72},
  Publisher = {Springer},
  Title = {Coded aperture pairs for depth from defocus and defocus deblurring},
  Volume = {93},
  Year = {2011}}

@article{6051490,
  author = {Zhou, C. and Nayar, S.},
  Doi = {10.1109/TIP.2011.2171700},
  Issn = {1057-7149},
  Journal = {Image Processing, IEEE Transactions on},
  Keywords = {2D image sensor;camera arrays;clusters;computational camera;computational imaging;illumination coding;light field representation;object side coding;pupil plane coding;sensor side coding;unconventional imaging systems;cameras;image coding;image sensors;},
  Month = {dec.},
  Number = {12},
  Owner = {dqsun},
  Pages = {3322 -3340},
  Timestamp = {2012.08.07},
  Title = {Computational Cameras: Convergence of Optics and Processing},
  Volume = {20},
  Year = {2011},
  Bdsk-Url-1 = {http://dx.doi.org/10.1109/TIP.2011.2171700}}

@inproceedings{Zhou:2003:BLM,
  author = {Zhou, Y. and Tao, H.},
  Booktitle = ICCV,
  Pages = {1079--1085},
  Title = {Background Layer Model for Object Tracking through Occlusion},
  Volume = {2},
  Year = {2003}}

@inproceedings{Zimmer:2009:COF,
  author = {Zimmer, H. and Bruhn, A. and Weickert, J. and Valgaerts, L. and Salgado, A. and Rosenhahn, B. and Seidel, H.},
  Booktitle = {EMMCVPR},
  File = {:http\://www.mia.uni-saarland.de/Publications/zimmer-emmcvpr09-springer.pdf:PDF},
  Owner = {dqsun},
  Timestamp = {2009.06.21},
  Title = {Complementary Optic Flow.},
  Year = {2009}}

@inproceedings{Zitnick:2005:CSOF,
  author = {Zitnick, C. and Jojic, N. and Kang, S.B.},
  Booktitle = ICCV,
  Doi = {10.1109/ICCV.2005.61},
  Issn = {1550-5499},
  Month = {Oct.},
  Owner = {dqsun},
  Pages = {1308-1315 Vol. 2},
  Timestamp = {2009.09.09},
  Title = {Consistent segmentation for optical flow estimation},
  Volume = {2},
  Year = {2005},
  Bdsk-Url-1 = {http://dx.doi.org/10.1109/ICCV.2005.61}}

@article{Zitnick:2004:HVV,
  Acmid = {1015766},
  Address = {New York, NY, USA},
  author = {Zitnick, C. and Kang, S. and Uyttendaele, M. and Winder, S. and Szeliski, R.},
  Doi = {10.1145/1015706.1015766},
  Issn = {0730-0301},
  Issue_Date = {August 2004},
  Journal = SIGGRAPH,
  Keywords = {Computer Vision, Dynamic Scenes, Image-Based Rendering},
  Month = aug,
  Number = {3},
  Numpages = {9},
  Owner = {dqsun},
  Pages = {600--608},
  Publisher = {ACM},
  Timestamp = {2012.10.04},
  Title = {High-quality video view interpolation using a layered representation},
  Url = {http://doi.acm.org/10.1145/1015706.1015766},
  Volume = {23},
  Year = {2004},
  Bdsk-Url-1 = {http://doi.acm.org/10.1145/1015706.1015766},
  Bdsk-Url-2 = {http://dx.doi.org/10.1145/1015706.1015766}}

@inproceedings{zuffi2012pictorial,
  author = {Zuffi, S. and Freifeld, O. and Black, M.},
  Booktitle = {Computer Vision and Pattern Recognition (CVPR), 2012 IEEE Conference on},
  Pages = {3546--3553},
  Title = {From pictorial structures to deformable structures},
  Year = {2012}}

@inproceedings{Zwicker2006Antialiasing,
  author = {Zwicker, M. and Matusik, W. and Durand, F. and Pfister, H.},
  Booktitle = {Eurographics Symposium on Rendering (EGSR)},
  Date-Added = {2012-10-04 18:57:29 +0000},
  Date-Modified = {2012-10-04 18:57:50 +0000},
  Month = {06/2006},
  Pages = {73-82},
  Title = {Antialiasing for Automultiscopic 3D Displays},
  Year = {2006}}

@inproceedings{Zwicker2007Display,
  author = {Zwicker, M. and Yea, S. and Vetro, A. and Forlines, C. and Matusik, W. and Pfister, H.},
  Booktitle = {International Conference on Multimedia},
  Date-Added = {2012-10-04 18:54:36 +0000},
  Date-Modified = {2012-10-04 18:55:11 +0000},
  Pages = {1046-1053},
  Title = {Display Pre-Filtering for Multi-View Video Compression},
  Year = {2007}}

@electronic{Cameron2012T3D,
  Note = {\url{http://www.3dfocus.co.uk/3d-news-2/6061/6061}}}

@manual{MPEG-4V18,
  Note = {pp. 271-275},
  Owner = {dqsun},
  Timestamp = {2006.06.23},
  Title = {{MPEG}4 Verification Model, VM 18.0, 2001}}

@misc{SunFlowCode,
  Note = {\url{http://www.cs.brown.edu/people/dqsun}},
  Owner = {dqsun},
  Timestamp = {2011.08.06}}

@electronic{youtubeStat,
  Note = {\url{http://www.youtube.com/t/press_statistics}},
  Owner = {dqsun},
  Timestamp = {2012.08.20}}

@inproceedings{haehn2017scalable,
  title={Scalable Interactive Visualization for Connectomics},
AUTHOR = {D. Haehn and J. Hoffer and B. Matejek and A. Suissa-Peleg and A. Al-Awami and L. Kamentsky and F. Gonda and E. Meng and W. Zhang and R. Schalek and A. Wilson and T. Parag and J. Beyer and V. Kaynig and T.R. Jones and J. Tompkin and M. Hadwiger and J.W. Lichtman and H. Pfister},
  booktitle={Informatics},
  volume={4},
  number={3},
  pages={29},
  year={2017},
  organization={Multidisciplinary Digital Publishing Institute}
}


@ARTICLE{awami_neuroblocks_2015,
  author = {Al-Awami, A. and Beyer, J. and Haehn, D. and ,
N. Kasthuri and J.W. Lichtman and H. Pfister and M. Hadwiger},
title = {NeuroBlocks - Visual Tracking of Segmentation 
and Proofreading for Large Connectomics Projects},
journal = {IEEE Transactions on Visualization and 
Computer Graphics (Proceedings IEEE SciVis 2015)},
year = {2015},
volume = {22},
number = {1},
pages = {738--746},
}

@InProceedings{compresso,
  author = {Matejek, B. and Haehn, D. and Lekschas, F. and Mitzenmacher, M. and Pfister, H.},
  title        = "Compresso: Efficient Compression of Segmentation Data For Connectomics",
  booktitle    = "Medical Image Computing and Computer-Assisted Intervention (MICCAI)",
  series       = "LNCS",
  volume       = "TBA",
  pages        = "TBA",
  year         = "2017",
  publisher    = "Springer",
  url          = "http://rhoana.org/compresso/"
}

@ARTICLE{haehn_dojo_2014,
  author = {Haehn, D. and Knowles-Barley, S. and Roberts, M. and Beyer, J. and Kasthuri, N. and Lichtman, J. and Pfister, H.},
title = {Design and Evaluation of Interactive Proofreading Tools for Connectomics},
journal = {IEEE Transactions on Visualization and Computer Graphics (Proc. IEEE SciVis 2014)},
year = {2014},
volume = {20},
number = {12},
pages = {2466--2475},
} 

@article {parag2017anisotropic,
    title={Anisotropic EM Segmentation by 3D Affinity Learning and Agglomeration},
  author = {Parag, T. and Tschopp, F. and Grisaitis, W. and Turaga, S.C. and Zhang, X. and Matejek, B. and Kamentsky, L. and Lichtman, J.W. and Pfister, H.},
    journal={arXiv},
    volume={abs/1707.08935},
    year={2017},
    url={http://arxiv.org/abs/1707.08935},
    archiveprefix={arXiv},
    eprint={1707.08935},
    timestamp={Sat, 05 Aug 2017 14:56:22 +0200},
    biburl={http://dblp.org/rec/bib/journals/corr/ParagTGTZMKLP17},
    bibsource={dblp computer science bibliography, http://dblp.org}
}

@misc{rhoananet,
  author = {Knowles-Barley, S. and Kaynig, V. and Jones, T.R. and Wilson, A. and Morgan, J. and Lee, D. and Berger, D. and Kasthuri, N. and Lichtman, J.W. and Pfister, H.},
Title = {RhoanaNet Pipeline: Dense Automatic Neural Annotation},
ee = {http://arxiv.org/abs/1611.06973},
note         = "(available on arXiv:1611.06973 [cs.CV])",
journal   = {CoRR},
volume    = {abs/1611.06973},
year      = {2016}
}

@article {daniel2017guided,
    title={Guided Proofreading of Automatic Segmentations for Connectomics},
  author = {Haehn, D. and Kaynig, V. and Tompkin, J. and Lichtman, J. and Pfister, H.},
    lines={1--8},
    journal={arXiv preprint arXiv:1704.00848},
    year={2017},
    url={https://arxiv.org/abs/1704.00848}
}

@inproceedings{daniel2018guided,
  author = {Haehn, D. and Kaynig, V. and Tompkin, J. and Lichtman, J. and Pfister, H.},
  Booktitle = {The IEEE Conference on Computer Vision and Pattern Recognition (CVPR)},
  Month = {June},
  Title = {Guided Proofreading of Automatic Segmentations for Connectomics},
  Year = {2018}
  }



@ARTICLE{Awami_Neurolines,
  author = {Al-Awami, A. and Beyer, J.
and H. Strobelt and N. Kasthuri and J.W. Lichtman and H. Pfister and M. Hadwiger},
title = {{NeuroLines}: A Subway Map Metaphor for
Visualizing Nanoscale Neuronal Connectivity},
journal = {IEEE Trans. on Visualization and
Computer Graphics (Proc. IEEE InfoVis '14)},
year = {2014},
volume = {20},
number = {12},
pages = {2369--2378},
}

@ARTICLE{PAAS, 
journal={Computer}, 
title={Developing Software Online With Platform-as-a-Service Technology}, 
year={2008}, 
volume={41}, 
number={6}, 
pages={13-15}, 
keywords={Internet;groupware;program debugging;programming environments;software maintenance;Internet;PaaS systems;Web-based application-development platform;application hosting;application infrastructure;application maintenance;application updating;code editing;collaborative development environment;computer technology;online software development;online work;platform-as-a-service technology;program debugging;program deployment;program development;program management;Application software;Collaborative software;Logic programming;Network interfaces;Network servers;Productivity;Software performance;Software tools;Web and internet services;Web server;Web-based development.;application development;development tools;platform as a service;software}, 
doi={10.1109/MC.2008.185}, 
ISSN={0018-9162}, 
month={June},}

@ARTICLE{Mohammed_Abstractocyte, 
  author = {Mohammed, H. and Al-Awami, A.K. and Beyer, J. and Cali, C. and Magistretti, P. and Pfister, H. and Hadwiger, M.},
journal={IEEE Trans. on Visualization and Computer Graphics (Proc. IEEE SciVis '17)}, 
title={Abstractocyte: A Visual Tool for Exploring Nanoscale Astroglial Cells}, 
year={2018}, 
volume={24}, 
number={1}, 
pages={853-861}, 
month={Jan},}

@misc{dataverse,
  title={An introduction to the dataverse network as an infrastructure for data sharing},
  year={2007},
  publisher={Sage Publications Sage CA: Los Angeles, CA}
}

@inproceedings{xsede2,
title = "An overview of the XSEDE extended collaborative support program",
abstract = "The Extreme Science and Engineering Discovery Environment (XSEDE) is a flagship cyberinfrastructure project funded by the US National Science Foundation (NSF). XSEDE’s Extended Collaborative Support Services (ECSS) program is a significant component of the XSEDE effort, dedicated to extended engagements with our user community which transform their research. We describe the organization, operation and some highlights of the program in this submission.",
  author = {Wilkins-Diehr, N. and Sanielevici, S. and Alameda, J. and Cazes, J. and Crosby, L. and Pierce, M. and Roskies, R.},
year = "2016",
month = "1",
day = "1",
doi = "10.1007/978-3-319-32243-8_1",
language = "English (US)",
isbn = "9783319322421",
volume = "595",
series = "Communications in Computer and Information Science",
publisher = "Springer Verlag",
pages = "3--13",
booktitle = "High Performance Computer Applications - 6th International Conference, ISUM 2015, Revised Selected Papers",
address = "Germany",
}

@ARTICLE{xsede,
  author = {Towns, J. and Cockerill, T. and Dahan, M. and Foster, I. and Gaither, K. and Grimshaw, A. and Hazlewood, V. and Lathrop, S. and Lifka, D. and Peterson, G.D. and Roskies, R. and Scott, J.R. and Wilkins-Diehr, N.},
journal = {Computing in Science \& Engineering},
title = {XSEDE: Accelerating Scientific Discovery},
year = {2014},
volume = {16},
number = {5},
pages = {62-74},
keywords={Knowledge discovery;Scientific computing;Digital systems;Materials engineering;Supercomputers},
doi = {10.1109/MCSE.2014.80},
url = {doi.ieeecomputersociety.org/10.1109/MCSE.2014.80},
ISSN = {1521-9615},
month={Sept.-Oct.}
}

@inproceedings{opensciencegrid,
  title={The open science grid},
  author = {Pordes, R. and Petravick, D. and Kramer, B. and Olson, D. and Livny, M. and Roy, A. and Avery, P. and Blackburn, K. and Wenaus, T. and W{\"u}rthwein, F. and others, },
  booktitle={Journal of Physics: Conference Series},
  volume={78},
  number={1},
  pages={012057},
  year={2007},
  organization={IOP Publishing}
}

@INPROCEEDINGS{datarevolution, 
booktitle={2016 IEEE International Conference on Big Data (Big Data)}, 
title={Harnessing the data revolution: A perspective from the national science foundation}, 
year={2016}, 
volume={}, 
number={}, 
pages={2-2}, 
keywords={data handling;NSF;National Science Foundation;data revolution;data science}, 
doi={10.1109/BigData.2016.7840580}, 
ISSN={}, 
month={Dec},}

@article{kasthuri2015saturated,
  title={Saturated reconstruction of a volume of neocortex},
  author = {Kasthuri, N. and Hayworth, K. and Berger, D. and Schalek, R. and Conchello, J. and Knowles-Barley, S. and Lee, D. and V{\'a}zquez-Reina, A. and Kaynig, V. and Jones, T. and others, },
  journal={Cell},
  volume={162},
  number={3},
  pages={648--661},
  year={2015},
  publisher={Elsevier}
}

@article{lichtman2014big,
  title={The big data challenges of connectomics},
  author = {Lichtman, J. and Pfister, H. and Shavit, N.},
  journal={Nature neuroscience},
  volume={17},
  number={11},
  pages={1448},
  year={2014},
  publisher={Nature Publishing Group}
}

@article{kaynig2015large,
  title={Large-scale automatic reconstruction of neuronal processes from electron microscopy images},
  author = {Kaynig, V. and Vazquez-Reina, A. and Knowles-Barley, S. and Roberts, M. and Jones, T. and Kasthuri, N. and Miller, E. and Lichtman, J. and Pfister, H.},
  journal={Medical image analysis},
  volume={22},
  number={1},
  pages={77--88},
  year={2015},
  publisher={Elsevier}
}

@article{jeong2010ssecrett,
  title={Ssecrett and neurotrace: interactive visualization and analysis tools for large-scale neuroscience data sets},
  author = {Jeong, W. and Beyer, J. and Hadwiger, M. and Blue, R. and Law, C. and V{\'a}zquez-Reina, A. and Reid, R. and Lichtman, J. and Pfister, H.},
  journal={IEEE Computer Graphics and Applications},
  volume={30},
  number={3},
  pages={58--70},
  year={2010},
  publisher={IEEE}
}

@inproceedings{knowles2014deep,
  title={Deep learning for the connectome},
  author = {Knowles-Barley, S. and Jones, T. and Morgan, J. and Lee, D. and Kasthuri, N. and Lichtman, J. and Pfister, H.},
  booktitle={GPU Technology Conference},
  volume={26},
  year={2014}
}

@article{docker,
  title={Docker: lightweight linux containers for consistent development and deployment},
  journal={Linux Journal},
  volume={2014},
  number={239},
  pages={2},
  year={2014},
  publisher={Belltown Media}
}

@MISC{theboss,
  title = {The Boss: a cloud based storage service developed for the IARPA MICrONS program},
  howpublished ={\url{https://docs.theboss.io/}},
  year = {2018},
  note = {Accessed on 04/09/2018},
}

@MISC{openconnectome,
  title = {The OpenConnectome Project},
  howpublished ={\url{https://ocp.me/}},
  year = {2018},
  note = {Accessed on 04/09/2018},
}

@inproceedings{slurm,
  title={Slurm: Simple linux utility for resource management},
  author = {Yoo, A. and Jette, M. and Grondona, M.},
  booktitle={Workshop on Job Scheduling Strategies for Parallel Processing},
  pages={44--60},
  year={2003},
  organization={Springer}
}

@book{terraform,
 title = {Terraform: Up and Running Writing Infrastructure As Code},
 year = {2017},
 isbn = {1491977086, 9781491977088},
 edition = {1st},
 publisher = {O'Reilly Media, Inc.},
}

@inproceedings{multicloud,
  title={Towards model-driven provisioning, deployment, monitoring, and adaptation of multi-cloud systems},
  author = {Ferry, N. and Rossini, A. and Chauvel, F. and Morin, B. and Solberg, A.},
  booktitle={Cloud Computing (CLOUD), 2013 IEEE Sixth International Conference on},
  pages={887--894},
  year={2013},
  organization={IEEE}
}

@inproceedings{torque,
 title = {TORQUE Resource Manager},
 booktitle = {Proceedings of the 2006 ACM/IEEE Conference on Supercomputing},
 series = {SC '06},
 year = {2006},
 isbn = {0-7695-2700-0},
 location = {Tampa, Florida},
 articleno = {8},
 url = {http://doi.acm.org/10.1145/1188455.1188464},
 doi = {10.1145/1188455.1188464},
 acmid = {1188464},
 publisher = {ACM},
 address = {New York, NY, USA},
} 

@article{ontologies,
  title={Ontologies for neuroscience: what are they and what are they good for?},
  author = {Larson, S. and Martone, M.},
  journal={Frontiers in neuroscience},
  volume={3},
  pages={7},
  year={2009},
  publisher={Frontiers}
}

@article{storm,
  title={Sub-diffraction-limit imaging by stochastic optical reconstruction microscopy (STORM)},
  author = {Rust, M. and Bates, M. and Zhuang, X.},
  journal={Nature methods},
  volume={3},
  number={10},
  pages={793},
  year={2006},
  publisher={Nature Publishing Group}
}

@article{optical_functional_imaging,
  title={Non-invasive optical spectroscopy and imaging of human brain function},
  author = {Villringer, A. and Chance, B.},
  journal={Trends in neurosciences},
  volume={20},
  number={10},
  pages={435--442},
  year={1997},
  publisher={Elsevier}
}

@article{wiring_diagrams,
  title={Three-dimensional reconstruction of brain-wide wiring networks in Drosophila at single-cell resolution},
  author = {Chiang, A. and Lin, C. and Chuang, C. and Chang, H. and Hsieh, C. and Yeh, C. and Shih, C. and Wu, J. and Wang, G. and Chen, Y. and others, },
  journal={Current Biology},
  volume={21},
  number={1},
  pages={1--11},
  year={2011},
  publisher={Elsevier}
}

@book{swift,
 title = {OpenStack Swift: Using, Administering, and Developing for Swift Object Storage},
 year = {2014},
 isbn = {1491900822, 9781491900826},
 edition = {1st},
 publisher = {O'Reilly Media, Inc.},
} 

@book{frain2012responsive,
  title={Responsive web design with HTML5 and CSS3},
  year={2012},
  publisher={Packt Publishing Ltd}
}

@article{d3,
  title = {D3: Data-Driven Documents},
  author = {Bostock, M. and Ogievetsky, V. and Heer, J.},
  journal = {IEEE Trans. Visualization \& Comp. Graphics (Proc. InfoVis)},
  year = {2011},
  url = {http://vis.stanford.edu/papers/d3}
}

@article{reactjs,
  title={React.js Conf 2015 Keynote-Introducing React Native},
  journal={Facebook Developers-YouTube},
  year={2015}
}

@article{schalek2016imaging,
  title={Imaging a 1 mm 3 volume of rat cortex using a MultiBeam SEM},
  author = {Schalek, R. and Lee, D. and Kasthuri, N. and Peleg, A. and Jones, T. and Kaynig, V. and Haehn, D. and Pfister, H. and Cox, D. and Lichtman, J.},
  journal={Microscopy and Microanalysis},
  volume={22},
  pages={582},
  year={2016},
  publisher={Cambridge University Press}
}


@article{singularity,
  author = {Kurtzer, G. and Sochat, V. and Bauer, M.},
    journal = {PLOS ONE},
    publisher = {Public Library of Science},
    title = {Singularity: Scientific containers for mobility of compute},
    year = {2017},
    month = {05},
    volume = {12},
    url = {https://doi.org/10.1371/journal.pone.0177459},
    pages = {1-20},
    number = {5},
    doi = {10.1371/journal.pone.0177459}
}


@techreport{oauth2,
    address = {Fremont, CA, USA},
    citeulike-article-id = {11836766},
    citeulike-linkout-0 = {http://www.rfc-editor.org/rfc/rfc6749.txt},
    citeulike-linkout-1 = {http://www.rfc-editor.org/rfc/rfc6749.txt},
    citeulike-linkout-2 = {http://tools.ietf.org/html/rfc6749},
    citeulike-linkout-3 = {http://tools.ietf.org/rfc/rfc6749.txt},
    editor = {Hardt, Dick},
    howpublished = {Internet Requests for Comment},
    institution = {RFC Editor},
    issn = {2070-1721},
    keywords = {authentication, oauth, token, web},
    month = oct,
    number = {6749},
    posted-at = {2012-12-10 00:34:24},
    priority = {2},
    publisher = {RFC Editor},
    type = {RFC},
    url = {http://www.rfc-editor.org/rfc/rfc6749.txt},
    year = {2012}
}


@book{NewmanMicroservices,
  added-at = {2015-09-09T21:30:50.000+0200},
  biburl = {https://www.bibsonomy.org/bibtex/261a28f122c347b555b88a0d835080b6a/gron},
  description = {Building Microservices: Sam Newman: 9781491950357: Amazon.com: Books},
  edition = {1st},
  interhash = {cd274e4310da91cad9f07dfbed64cb9f},
  intrahash = {61a28f122c347b555b88a0d835080b6a},
  isbn = {978-1491950357},
  keywords = {Architecture Microservices SOA},
  month = {February},
  pages = 280,
  publisher = {O'Reilly Media},
  refid = {903609686},
  timestamp = {2015-09-09T21:30:50.000+0200},
  title = {Building Microservices: Designing Fine-Grained Systems},
  year = 2015
}



%% donglai: segmentation
@inproceedings{lee2015recursive,
  author = {Lee, K. and Zlateski, A. and Ashwin, V. and Seung, H.},
  Booktitle = {Advances in Neural Information Processing Systems},
  Pages = {3573--3581},
  Title = {Recursive training of 2D-3D convolutional networks for neuronal boundary prediction},
  Year = {2015}}
@article{lee2017superhuman,
  title={Superhuman accuracy on the SNEMI3D connectomics challenge},
  author = {Lee, K. and Zung, J. and Li, P. and Jain, V. and Seung, H.},
  journal={arXiv preprint arXiv:1706.00120},
  year={2017}
}
@inproceedings{cciccek20163d,
  title={3D U-Net: learning dense volumetric segmentation from sparse annotation},
  author = {{\c{C}}i{\c{c}}ek, {. and Abdulkadir, A. and Lienkamp, S. and Brox, T. and Ronneberger, O.},
  booktitle={International Conference on Medical Image Computing and Computer-Assisted Intervention},
  pages={424--432},
  year={2016},
  organization={Springer}
}
@article{funke2017deep,
  title={A Deep Structured Learning Approach Towards Automating Connectome Reconstruction from 3D Electron Micrographs},
  author = {Funke, J. and Tschopp, F. and Grisaitis, W. and Singh, C. and Saalfeld, S. and Turaga, S.},
  journal={arXiv preprint arXiv:1709.02974},
  year={2017}
}
@article{bogovic2013learned,
  author = {Bogovic, J. and Huang, G. and Jain, V.},
  Journal = {arXiv preprint arXiv:1312.6159},
  Title = {Learned versus hand-designed feature representations for 3d agglomeration},
  Year = {2013}}

@article{januszewski2016flood,
  author = {Januszewski, M. and Maitin-Shepard, J. and Li, P. and Kornfeld, J. and Denk, W. and Jain, V.},
  Journal = {arXiv preprint arXiv:1611.00421},
  Title = {Flood-filling networks},
  Year = {2016}}
  
@article{rolnick2017morphological,
  author = {Rolnick, D. and Meirovitch, Y. and Parag, T. and Pfister, H. and Jain, V. and Lichtman, J. and Boyden, E. and Shavit, N.},
  Journal = {arXiv preprint arXiv:1705.10882},
  Title = {Morphological Error Detection in 3D Segmentations},
  Year = {2017}}

@inproceedings{zung2017error,
  title={An Error Detection and Correction Framework for Connectomics},
  author = {Zung, J. and Tartavull, I. and Lee, K. and Seung, H.},
  booktitle={Advances in Neural Information Processing Systems},
  pages={6821--6832},
  year={2017}
}

%% donglai: clean up
@article{horn1979destriping,
  title={Destriping Landsat MSS images by histogram modification},
  author = {Horn, B. and Woodham, R.},
  journal={Computer Graphics and Image Processing},
  volume={10},
  number={1},
  pages={69--83},
  year={1979},
  publisher={Elsevier}
}
@article{gadallah2000destriping,
  title={Destriping multisensor imagery with moment matching},
  author = {Gadallah, F. and Csillag, F. and Smith, E.},
  journal={International journal of remote sensing},
  volume={21},
  number={12},
  pages={2505--2511},
  year={2000},
  publisher={Taylor \& Francis}
}
@article{corsini2000striping,
  title={Striping removal in MOS-B data},
  author = {Corsini, G. and Diani, M. and Walzel, T.},
  journal={IEEE Transactions on Geoscience and Remote Sensing},
  volume={38},
  number={3},
  pages={1439--1446},
  year={2000},
  publisher={IEEE}
}
@article{tsai2008striping,
  title={Striping noise detection and correction of remote sensing images},
  author = {Tsai, F. and Chen, W.},
  journal={IEEE Transactions on Geoscience and remote sensing},
  volume={46},
  number={12},
  pages={4122--4131},
  year={2008},
  publisher={IEEE}
}
@article{di2009destriping,
  title={Destriping MODIS data using overlapping field-of-view method},
  author = {Di Bisceglie, M. and Episcopo, R. and Galdi, C. and Ullo, S.},
  journal={IEEE Transactions on Geoscience and Remote Sensing},
  volume={47},
  number={2},
  pages={637--651},
  year={2009},
  publisher={IEEE}
}
@article{wegener1990destriping,
  title={Destriping multiple sensor imagery by improved histogram matching},
  journal={International Journal of Remote Sensing},
  volume={11},
  number={5},
  pages={859--875},
  year={1990},
  publisher={Taylor \& Francis}
}
@article{chen2004destriping,
  title={Destriping CMODIS based on FIR method},
  author = {Chen, J. and Shao, Y. and Zhu, B.},
  journal={JOURNAL OF REMOTE SENSING-BEIJING-},
  volume={8},
  number={3},
  pages={233--237},
  year={2004},
  publisher={SCIENCE PRESS}
}
@article{yang2004striping,
  title={De-striping for MODIS infrared band data via wavelet shrinkage},
  author = {Yang, Z. and Zhang, W. and Li, J. and Menzel, W. and Frey, R.},
  journal={JOURNAL OF REMOTE SENSING-BEIJING-},
  volume={8},
  number={1},
  pages={23--30},
  year={2004},
  publisher={SCIENCE PRESS}
}
@article{yufeng2007analysis,
  title={Analysis of Relative Radiometric Calibration Accuracy of Space Camera [J]},
  journal={Spacecraft Recovery \& Remote Sensing},
  volume={4},
  pages={012},
  year={2007}
}
@article{torres2001wavelet,
  title={Wavelet analysis for the elimination of striping noise in satellite images},
  author = {Torres, J. and Infante, S.},
  journal={Optical Engineering},
  volume={40},
  number={7},
  pages={1309--1315},
  year={2001},
  publisher={International Society for Optics and Photonics}
}
@article{shu2011destripe,
  title={DeStripe: frequency-based algorithm for removing stripe noises from AFM images},
  author = {Shu-wen, W. and Pellequer, J.},
  journal={BMC structural biology},
  volume={11},
  number={1},
  pages={7},
  year={2011},
  publisher={BioMed Central}
}
@inproceedings{bouali2010simple,
  title={A simple and robust destriping algorithm for imaging spectrometers: Application to MODIS data},
  booktitle={Proceedings of ASPRS 2010 Annual Conference, San Diego, CA, USA},
  volume={2630},
  pages={84--93},
  year={2010}
}
@article{landmark2015radon,
  title={A Radon-Transform-Based Image Noise Filter—With Applications to Multibeam Bathymetry},
  author = {Landmark, K. and Solberg, A. and Albregtsen, F. and Austeng, A. and Hansen, R.},
  journal={IEEE Transactions on Geoscience and Remote Sensing},
  volume={53},
  number={11},
  pages={6252--6273},
  year={2015},
  publisher={IEEE}
}
@article{liu2016novel,
  title={A novel removal method for dense stripes in remote sensing images},
  author = {Liu, X. and Shen, H. and Yuan, Q. and Zhang, L. and Cheng, Q.},
  journal={ISPRS Annals of the Photogrammetry, Remote Sensing and Spatial Information Sciences},
  volume={3},
  pages={57},
  year={2016},
  publisher={Copernicus GmbH}
}
@article{bouali2011toward,
  title={Toward optimal destriping of MODIS data using a unidirectional variational model},
  author = {Bouali, M. and Ladjal, S.},
  journal={IEEE Transactions on Geoscience and Remote Sensing},
  volume={49},
  number={8},
  pages={2924--2935},
  year={2011},
  publisher={IEEE}
}
@article{boyd2011distributed,
  title={Distributed optimization and statistical learning via the alternating direction method of multipliers},
  author = {Boyd, S. and Parikh, N. and Chu, E. and Peleato, B. and Eckstein, J. and others, },
  journal={Foundations and Trends{\textregistered} in Machine learning},
  volume={3},
  number={1},
  pages={1--122},
  year={2011},
  publisher={Now Publishers, Inc.}
}
@article{chen2003destriping,
  title={Destriping CMODIS data by power filtering},
  author = {Chen, J. and Shao, Y. and Guo, H. and Wang, W. and Zhu, B.},
  journal={IEEE Transactions on Geoscience and Remote Sensing},
  volume={41},
  number={9},
  pages={2119--2124},
  year={2003},
  publisher={IEEE}
}
@article{liu2016stripe,
  title={Stripe noise separation and removal in remote sensing images by consideration of the global sparsity and local variational properties},
  author = {Liu, X. and Lu, X. and Shen, H. and Yuan, Q. and Jiao, Y. and Zhang, L.},
  journal={IEEE Transactions on Geoscience and Remote Sensing},
  volume={54},
  number={5},
  pages={3049--3060},
  year={2016},
  publisher={IEEE}
}
@article{munch2009stripe,
  title={Stripe and ring artifact removal with combined wavelet—Fourier filtering},
  author = {M{\"u}nch, B. and Trtik, P. and Marone, F. and Stampanoni, M.},
  journal={Optics express},
  volume={17},
  number={10},
  pages={8567--8591},
  year={2009},
  publisher={Optical Society of America}
}
@article{nichol2004noise,
  title={Noise over water surfaces in Landsat TM images},
  author = {Nichol, J. and Vohora, V.},
  journal={International Journal of Remote Sensing},
  volume={25},
  number={11},
  pages={2087--2093},
  year={2004},
  publisher={Taylor \& Francis}
}
@article{radin1992non,
  title={Non-linear total variation noise removal algorithm},
  author = {Radin, L. and Osher, S. and Fatemi, E.},
  journal={Phys D},
  volume={60},
  pages={259--268},
  year={1992}
}
@article{shen2014piece,
  title={A piece-wise approach to removing the nonlinear and irregular stripes in MODIS data},
  author = {Shen, H. and Jiang, W. and Zhang, H. and Zhang, L.},
  journal={International journal of remote sensing},
  volume={35},
  number={1},
  pages={44--53},
  year={2014},
  publisher={Taylor \& Francis}
}
@article{shen2009map,
  title={A MAP-based algorithm for destriping and inpainting of remotely sensed images},
  author = {Shen, H. and Zhang, L.},
  journal={IEEE Transactions on Geoscience and Remote Sensing},
  volume={47},
  number={5},
  pages={1492--1502},
  year={2009},
  publisher={IEEE}
}
@article{tracey2014constrained,
  title={A constrained optimization approach to combining multiple non-local means denoising estimates},
  author = {Tracey, B. and Miller, E. and Wu, Y. and Natarajan, P. and Noonan, J.},
  journal={Signal Processing},
  volume={103},
  pages={60--68},
  year={2014},
  publisher={Elsevier}
}

@inproceedings{naranjo2000flicker,
  title={Flicker reduction in old films},
  author = {Naranjo, V. and Albiol, A.},
  booktitle={Image Processing, 2000. Proceedings. 2000 International Conference on},
  volume={2},
  pages={657--659},
  year={2000},
  organization={IEEE}
}
@inproceedings{becker2004flicker,
  title={Flicker reduction in intraframe codecs},
  author = {Becker, A. and Chan, W. and Poulouin, D.},
  booktitle={Data Compression Conference, 2004. Proceedings. DCC 2004},
  pages={252--261},
  year={2004},
  organization={IEEE}
}
@inproceedings{kuszpet2007post,
  title={Post-processing for flicker reduction in H. 264/AVC},
  author = {Kuszpet, Y. and Kletsel, D. and Moshe, Y. and Levy, A.},
  booktitle={Picture Coding Symposium},
  year={2007}
}
@inproceedings{abbas2007suppression,
  title={Suppression of mosquito noise by recursive epsilon-filters},
  author = {Abbas, H. and Karam, L.},
  booktitle={Acoustics, Speech and Signal Processing, 2007. ICASSP 2007. IEEE International Conference on},
  volume={1},
  pages={I--773},
  year={2007},
  organization={IEEE}
}
@article{bonneel2015blind,
  title={Blind video temporal consistency},
  author = {Bonneel, N. and Tompkin, J. and Sunkavalli, K. and Sun, D. and Paris, S. and Pfister, H.},
  journal={ACM Transactions on Graphics (TOG)},
  volume={34},
  number={6},
  pages={196},
  year={2015},
  publisher={ACM}
}

@Article{Yu2013Multi,
  author = {Yu, Z. and Li, H. and Wang, Z. and Hu, Z. and Chen, C.},
  title     = {Multi-Level Video Frame Interpolation: Exploiting the Interaction Among Different Levels},
  journal   = tcsvt,
  year      = {2013},
  volume    = {23},
  number    = {7},
  pages     = {1235--1248},
  file      = {:Yu2013Multi - Multi-Level Video Frame Interpolation_ Exploiting the Interaction Among Different Levels.pdf:PDF},
  publisher = {IEEE},
}
@InProceedings{Werlberger2011Optical,
  author = {Werlberger, M. and Pock, T. and Unger, M. and Bischof, H.},
  title        = {Optical flow guided TV-L1 video interpolation and restoration},
  booktitle    = emmcvpr,
  year         = {2011},
  file         = {:Werlberger2011Optical - Optical flow guided TV-L1 video interpolation and restoration.pdf:PDF},
}
@Article{Baker2011database,
  author = {Baker, S. and Scharstein, D. and Lewis, J. and Roth, S. and Black, M. and Szeliski, R.},
  title     = {A database and evaluation methodology for optical flow},
  journal   = ijcv,
  year      = {2011},
  volume    = {92},
  number    = {1},
  pages     = {1--31},
  publisher = {Springer},
}

@InProceedings{Liu2017Video,
  author = {Liu, Z. and Yeh, R. and Tang, X. and Liu, Y. and Agarwala, A.},
  title     = {Video Frame Synthesis using Deep Voxel Flow},
  booktitle = iccv,
  year      = {2017},
}
@InProceedings{Wang2017Light,
  author = {Wang, T. and Zhu, J. and Kalantari, N. and Efros, A. and Ramamoorthi, R.},
  title     = {Light Field Video Capture Using a Learning-Based Hybrid Imaging System},
  booktitle = siggraph,
  year      = {2017},
  file      = {:Wang2017Light - Light Field Video Capture Using a Learning-Based Hybrid Imaging System.pdf:PDF},
}
@InProceedings{Mathieu2016Deep,
  author = {Mathieu, M. and Couprie, C. and LeCun, Y.},
  title     = {Deep multi-scale video prediction beyond mean square error},
  booktitle = iclr,
  year      = {2016},
  file      = {:Mathieu2016 - Deep multi-scale video prediction beyond mean square error.pdf:PDF},
}
@InProceedings{Niklaus2017Video,
  author = {Niklaus, S. and Mai, L. and Liu, F.},
  title         = {Video Frame Interpolation via Adaptive Convolution},
  booktitle     = cvpr,
  year          = {2017},
  __markedentry = {[jwu:]},
  file          = {:Niklaus2017Video - Video Frame Interpolation via Adaptive Convolution.pdf:PDF},
}



@misc{Seunglab2018,
  title = {Open Source Repositories for Connectomics},
  year = {2018},
  publisher = {GitHub},
  journal = {GitHub repository},
  howpublished = {\url{https://github.com/seung-lab}},
}

@misc{Elektronn2017,
  title = {ELEKTRONN},
  year = {2017},
  publisher = {GitHub},
  journal = {GitHub repository},
  howpublished = {\url{https://github.com/ELEKTRONN}},
}
@misc{project_2015,
 title={The Human Brain Project | EPFL},
 url={http://bluebrain.epfl.ch/page-52741-en.html},
 journal={bluebrain.epfl.ch},
 year={2015},
 }
@article{jorgenson2015brain,
  title={The BRAIN Initiative: developing technology to catalyse neuroscience discovery},
  author = {Jorgenson, L. and Newsome, W. and Anderson, D. and Bargmann, C. and Brown, E. and Deisseroth, K. and Donoghue, J. and Hudson, K. and Ling, G. and MacLeish, P. and others, },
  journal={Phil. Trans. R. Soc. B},
  volume={370},
  number={1668},
  pages={20140164},
  year={2015},
  publisher={The Royal Society}
}

@article{schalek2011development,
  title={Development of high-throughput, high-resolution 3D reconstruction of large-volume biological tissue using automated tape collection ultramicrotomy and scanning electron microscopy},
  author = {Schalek, R. and Kasthuri, N. and Hayworth, K. and Berger, D. and Tapia, J. and Morgan, J. and Turaga, S. and Fagerholm, E. and Seung, H. and Lichtman, J.},
  journal={Microscopy and Microanalysis},
  volume={17},
  number={S2},
  pages={966},
  year={2011},
  publisher={Cambridge University Press}
}

@article{Lee94,
  author = {Lee, T. and Kashyap, R. and Chu, C.},
 title = {Building Skeleton Models via {3-D} Medial Surface/Axis Thinning Algorithms},
 journal = {CVGIP: Graph. Models Image Process.},
 issue_date = {Nov. 1994},
 volume = {56},
 number = {6},
 year = {1994},
 issn = {1049-9652},
 pages = {462--478},
 numpages = {17},
 url = {http://dx.doi.org/10.1006/cgip.1994.1042},
 doi = {10.1006/cgip.1994.1042},
 acmid = {202867},
 publisher = {Academic Press, Inc.},
 address = {Orlando, FL, USA},
}
